3788 6000
101 172 179 235 isos
740 173 921 237 eruntne
945 172 1166 243 slavonici.
1729 180 1808 253 isos

96 336 118 392 0
136 335 161 391 si
179 339 248 392 tnnc
266 348 380 391 merear
394 334 497 391 llorere
514 334 673 413 superstite
690 336 768 406 rita3
938 336 1051 407 Allcce
1067 336 1206 411 iatigstus
1222 336 1346 396 nimium
1363 355 1494 398 marcere
1506 343 1650 415 nequiuit,

133 431 170 482 Ui
185 432 257 482 tnnc
272 426 307 480 do
324 430 383 480 toto
402 424 527 496 pallidus
549 440 598 480 ore
613 441 716 481 canam
1016 427 1071 484 Sed
1088 429 1112 483 si
1130 428 1284 486 mandabis
1300 435 1332 484 nt
1347 431 1443 486 veniat
1457 431 1561 489 veniet.

92 515 453 586 TuncOrpbenenostrarn
465 517 924 586 nequeatenpsrarccsmosnam;
979 515 1044 572 lam
1058 532 1179 573 securus
1195 517 1260 586 erit,
1281 518 1379 575 redeat
1393 520 1417 576 si
1433 521 1588 590 scripseris
1601 522 1655 593 illi,

131 605 161 662 Si
181 604 264 675 pleno
281 602 352 658 llain
369 602 495 658 buccine
509 608 610 659 nostra
622 607 716 660 sonet.
1015 605 1188 663 Noverivnus
1201 607 1339 678 quonism
1356 610 1555 668 restituendus
1571 611 1635 667 erit.

98 693 176 751 Velis
192 693 307 749 lnrtivis
321 691 437 747 vehitur
453 692 539 747 modo
554 699 655 749 nostra
670 690 779 762 carino,
980 697 1010 754 Si
1028 699 1168 753 mandare
1181 697 1255 754 velis
1268 699 1344 770 qood
1363 715 1467 768 penses
1484 702 1555 757 utile
1570 703 1667 772 nobis,

133 784 266 855 Namque
284 782 445 855 piratarum
464 782 621 854 perstrepit
636 798 723 838 omne
739 799 842 853 genos.
1014 786 1176 842 Gnidonem
1190 790 1290 843 nostro
1306 788 1496 847 noverisesse
1510 789 1584 847 ioco.

92 875 242 929 insontem
259 870 389 926 lacerant
402 885 448 926 ms
464 868 602 926 dentibus
617 870 833 945 obloquiorum,
980 876 1073 931 Guido
1088 874 1159 930 mibi
1176 876 1253 942 vivit,
1275 892 1410 949 megene,
1428 878 1533 948 bonne,
1549 885 1636 952 etque
1657 881 1763 953 tidelis,

129 965 232 1034 Meque
248 976 330 1016 reum
348 958 451 1015 mortis
467 958 732 1019 clamitatinvidia.
1013 964 1110 1035 Magni
1122 965 1267 1032 momenti,
1280 966 1409 1022 neminie
1423 966 1501 1023 baud
1517 969 1634 1027 modici.

93 1051 242 1123 Objicinut
257 1050 335 1121 qnod
352 1065 402 1118 ego
416 1048 534 1104 tabulas
551 1054 617 1121 post
633 1054 765 1124 tempore
786 1056 885 1125 tango,
976 1053 1060 1110 Hune
1074 1070 1211 1110 venerare
1223 1054 1308 1110 modo
1320 1073 1378 1126 qno
1390 1073 1444 1112 oos
1458 1075 1632 1115 veneremur
1647 1061 1760 1130 codem,

134 1141 215 1209 Quod
238 1156 295 1195 non
312 1138 441 1194 demisso
457 1137 531 1194 vedo
547 1138 716 1211 supercilio.
1011 1143 1143 1214 Namque
1158 1143 1234 1215 bons
1249 1160 1364 1199 morum
1379 1146 1566 1218 simplicitate
1578 1148 1664 1221 riget.

92 1230 920 1306 Ipscensurrotumen,mecnmquoquernminopsaiuros,
975 1232 1063 1288 Odam
1080 1232 1183 1287 dilatat
1197 1232 1311 1289 ocoesio
1327 1234 1421 1290 mutia
1435 1236 1584 1306 precandi,

133 1325 230 1391 Atque
244 1316 403 1389 obliquatis
414 1315 544 1372 vultibus
559 1316 684 1374 intueor.
1010 1321 1066 1377 Sed
1082 1322 1167 1378 modo
1179 1322 1236 1378 llus
1252 1322 1331 1377 brevi
1344 1324 1386 1378 sis
1398 1339 1519 1392 mernor,
1535 1323 1607 1396 0do,
1624 1328 1691 1383 mci.

91 1411 127 1466 Ut
143 1410 189 1464 lnr
204 1406 321 1463 invidie
339 1405 476 1476 probitati
488 1409 533 1461 cst
548 1421 623 1462 saeva
633 1422 768 1480 noverca,
1266 1413 1333 1467 item
1349 1411 1381 1467 de
1395 1414 1499 1469 eodem

130 1496 268 1563 Quocirca
283 1499 366 1567 tepeo
382 1494 489 1565 sepius
504 1510 521 1549 a
536 1495 645 1554 studio.
974 1499 1104 1555 Odorem
1121 1499 1232 1556 salvere
1248 1515 1346 1557 meum
1359 1500 1423 1557 sine
1439 1501 1496 1557 ilus
1512 1506 1661 1575 precepto:

90 1590 172 1656 Quod
189 1588 213 1643 si
230 1602 275 1642 me
291 1585 376 1641 vellet
390 1584 521 1641 detonsio
532 1589 627 1642 vestra
641 1587 730 1655 tueri,
1007 1587 1067 1644 Odo
1084 1586 1134 1657 ml,
1150 1587 1240 1654 selvo,
1252 1605 1326 1660 pepe
1341 1590 1467 1658 iuturus,
1482 1607 1542 1647 sve.

132 1680 168 1735 Ut
184 1694 249 1734 mea
263 1678 405 1733 duntexst
419 1676 549 1732 carmina
563 1676 720 1749 diligeres:
932 1705 956 1771 B
970 1675 1051 1740 Quod
1068 1682 1095 1731 is
1109 1676 1173 1732 diro
1189 1692 1298 1747 meum,
1314 1679 1503 1750 prorumpite
1514 1681 1610 1736 dicere
1620 1682 1705 1753 cogit.

94 1773 239 1840 Repcnies
254 1767 367 1821 beders
382 1782 449 1822 mox
464 1770 582 1839 serpent
594 1767 752 1839 uberiores,
1005 1765 1131 1822 Tantum
1143 1767 1277 1823 tantillus
1294 1768 1459 1839 pontificem
1479 1771 1652 1827 monachus.

128 1859 156 1913 si
174 1857 292 1930 quando
308 1855 411 1913 auderi
427 1855 518 1913 fretus
532 1871 581 1914 ero
596 1855 704 1930 gladio.
970 1858 1060 1924 tinem
1076 1872 1227 1927 nunquam
1244 1856 1313 1927 vidi,
1330 1873 1417 1931 quem
1433 1858 1503 1919 eolis
1518 1860 1641 1920 auribus
1657 1859 1756 1936 beust,

92 1947 203 2004 Audaci
217 1947 240 2002 si
258 1946 376 2018 qnando
394 1944 471 2017 lyras
487 1946 688 2002 moderamine
701 1950 833 2019 tangam,
1008 1945 1105 2001 Dicere
1123 1961 1182 2016 pras
1197 1945 1286 2001 nimio
1301 1961 1388 2018 cogor
1403 1963 1501 2003 amore
1518 1963 1628 2004 meunt.

126 2037 156 2094 Si
173 2052 273 2092 musae
288 2033 373 2106 pleno
392 2034 506 2106 pectine
517 2034 683 2091 discutiam.
970 2033 1136 2090 Visceribus
1152 2038 1243 2090 totum
1260 2040 1287 2089 ic
1303 2035 1411 2091 nostris
1426 2035 1584 2102 insinuavi,

91 2125 123 2182 Si
140 2122 258 2198 qnando
270 2123 435 2197 impavidus
449 2127 530 2181 vates
544 2122 657 2181 endabo
668 2124 775 2194 vocari,
1004 2123 1043 2185 Te
1057 2121 1203 2194 siquidem
1219 2124 1285 2181 novi
1302 2123 1432 2181 carmina
1445 2125 1582 2199 diligere.

125 2215 155 2268 Si
171 2213 300 2268 calamos
314 2215 428 2268 teocam
441 2229 499 2268 non
516 2212 680 2283 trepidante
696 2230 796 2269 nraon.
970 2211 1117 2268 dilaudas
1131 2217 1222 2280 vates,
1238 2217 1266 2268 et
1281 2214 1400 2285 praernia
1416 2214 1532 2271 vatibus
1548 2217 1649 2283 offers,

91 2305 122 2361 Si
140 2305 229 2360 verbo
242 2302 349 2358 nostris
362 2302 488 2374 signisve
504 2302 685 2375 quibuslibet
700 2304 772 2361 Odis
1004 2302 1165 2372 Joouodns,
1182 2303 1322 2374 prudens,
1339 2303 1404 2360 telle
1419 2304 1556 2360 columba
1571 2322 1688 2363 carens.

128 2393 248 2462 lllndns,
264 2391 334 2457 Odo,
352 2390 476 2447 inimica
491 2408 548 2447 non
564 2392 664 2447 timeo.
969 2391 1157 2463 compatiens
1170 2393 1297 2463 miseris,
1319 2393 1481 2465 peregrinis
1498 2393 1664 2463 auxiliator,

90 2481 225 2539 Fulmina
239 2497 302 2552 qnae
319 2482 525 2553 timent,quem
535 2480 664 2539 maxima
678 2485 768 2539 Roma
785 2485 884 2541 inetur
1004 2481 1119 2539 Illorum
1135 2499 1193 2553 pras
1207 2482 1321 2539 conciis
1332 2483 1492 2554 asperitate
1506 2501 1597 2547 ceres.

131 2572 204 2639 Quid
219 2572 320 2626 timeat
335 2575 386 2626 tua
401 2585 487 2643 quern
505 2574 635 2642 proteget
647 2571 709 2629 Odo
724 2573 852 2633 manuel
968 2571 1114 2633 mamus
1128 2575 1236 2641 oretur,
1247 2582 1344 2628 vatum
1361 2573 1495 2644 specialis
1511 2580 1636 2642 amator,

92 2663 138 2718 Me
153 2662 209 2716 snb
225 2675 323 2715 amore
339 2664 389 2714 tno
405 2659 546 2732 digneris,
567 2660 691 2717 maxime
705 2666 819 2730 Pastor,
1005 2660 1114 2725 levitas
1129 2664 1245 2718 nostros
1260 2661 1295 2717 ad
1313 2661 1443 2716 studiurn
1457 2661 1597 2719 calamos.

130 2749 232 2805 Tutior
247 2752 280 2803 nt
294 2751 416 2803 Romam
431 2747 457 2802 si
474 2747 513 2802 sit
528 2764 603 2819 opus
618 2747 747 2806 videam.
968 2748 1066 2807 Talem
1081 2749 1216 2822 lampio,
1233 2750 1305 2806 mibi
1316 2754 1344 2805 te
1360 2749 1494 2807 desidero
1508 2750 1609 2818 talem,

96 2838 199 2896 Tutior
214 2842 245 2895 ni
259 2838 332 2894 dncs
343 2845 369 2894 te
383 2836 516 2893 Romans
527 2835 635 2910 palatin
648 2853 779 2906 cernam,
1003 2838 1104 2906 Ouelis
1118 2855 1160 2908 es,
1177 2844 1206 2896 st
1220 2838 1334 2911 qusicm
1351 2844 1379 2895 ie
1391 2839 1456 2899 volo
1467 2856 1647 2912 promereor.

129 2930 218 2993 Quem
234 2942 300 2982 mea
314 2925 463 2981 rusticitas
478 2931 583 2982 terreat
599 2926 709 2999 absque
726 2928 810 2985 duce.
966 2928 1066 2993 Qnsao
1082 2927 1154 2984 mibi
1170 2928 1242 2983 debs
1253 2929 1329 3000 qnod
1346 2928 1432 2984 debet
1444 2929 1558 2986 amicus
1577 2929 1682 3000 amico,

90 3018 157 3075 iam
174 3032 252 3072 nunc
268 3017 303 3071 dc
318 3021 414 3072 vestro
427 3018 568 3091 tunquam
583 3030 705 3072 securus
721 3032 830 3088 amore,
1005 3018 1083 3082 Quos
1098 3017 1281 3074 indiscussus
1291 3016 1483 3074 consolidavit
1498 3035 1587 3078 amor.

127 3106 216 3163 Vobis
231 3105 405 3162 commendo
420 3104 496 3176 quod
515 3104 632 3176 penitus
647 3104 744 3178 cupio.
969 3105 1047 3167 luter
1060 3122 1134 3182 qnos
1149 3122 1279 3178 uuqnsm
1297 3122 1352 3169 nou
1369 3111 1414 3165 eet
1426 3105 1539 3165 citerna
1554 3106 1700 3183 voluntas,

91 3197 137 3254 lin
153 3197 377 3266 presumentem
393 3194 429 3251 de
439 3198 468 3250 ie
483 3194 662 3252 contundere
678 3194 748 3264 ooli,
1003 3196 1057 3261 Oui
1073 3196 1203 3268 sapiunt,
1217 3197 1318 3253 vivunt
1333 3201 1362 3253 st
1377 3200 1545 3255 moriuntur
1559 3199 1648 3257 idem.

127 3285 231 3342 Debita
243 3298 331 3355 posco
346 3282 476 3353 quidem,
492 3284 530 3338 da
544 3281 628 3349 mibi,
644 3298 771 3355 nemque
786 3289 865 3356 potes
968 3286 1039 3343 ilcce
1055 3284 1109 3341 tibi
1124 3285 1223 3350 telem,
1241 3301 1287 3340 me
1301 3285 1327 3340 si
1341 3285 1472 3357 dignare,
1489 3286 1631 3358 paciscor,

88 3374 120 3431 Sl
137 3377 327 3448 quotcunque
337 3371 435 3428 modis
452 3387 537 3428 aures
552 3372 733 3431 obstruxerit
749 3372 839 3446 aspis,
1003 3373 1025 3431 0
1041 3373 1154 3431 utlosm
1169 3374 1245 3430 votis
1260 3372 1376 3442 taverle,
1392 3372 1465 3442 Odo,
1481 3375 1571 3431 meisi

126 3463 163 3521 Ui
179 3462 255 3519 notis
271 3469 385 3521 nostres
400 3459 551 3519 insinuare
566 3477 676 3536 preces.
967 3463 997 3523 Si
1014 3462 1086 3522 mibi
1104 3467 1132 3519 ia
1147 3462 1273 3530 dederis,
1289 3462 1315 3519 ei
1329 3467 1358 3519 te
1372 3463 1531 3536 dignabere
1545 3471 1695 3541 nostrum,

91 3553 121 3610 Si
139 3552 261 3624 quesita
277 3566 377 3620 neges,
391 3551 543 3622 possisque
557 3554 662 3622 negata
677 3551 795 3618 reterre,
1002 3554 1081 3610 luter
1094 3558 1229 3609 cantores
1239 3551 1370 3625 Orpheus
1386 3555 1459 3611 altor
1469 3570 1529 3617 ero.

129 3642 156 3697 Si
175 3648 224 3696 tna
238 3639 417 3696 claudentur
431 3639 520 3695 corda
533 3639 606 3695 meis
623 3639 774 3712 precibus:
965 3642 1033 3703 ism
1048 3642 1206 3714 qnoqusde
1219 3647 1316 3701 vestro
1332 3642 1456 3698 nimium
1470 3643 1599 3700 condens
1614 3660 1724 3712 amore,

93 3733 126 3790 Ut
139 3733 208 3788 dare
223 3738 252 3787 tu
270 3731 345 3787 nolis
361 3731 424 3787 sinc
440 3731 547 3786 damno
564 3731 641 3803 quod
657 3732 727 3786 dere
739 3730 845 3803 possis,
1003 3733 1103 3788 Audeo
1119 3747 1170 3803 pro
1185 3732 1262 3786 caris
1276 3730 1428 3787 insinuare
1443 3733 1524 3789 meis.

124 3821 187 3877 Non
203 3837 234 3877 es
245 3836 332 3891 quem
348 3836 443 3891 spero,
461 3827 627 3890 queminus
642 3820 704 3891 lpse
720 3835 804 3893 cano,
966 3818 1551 3890 Burcbapdumcommendomeuvn,qncm
1566 3821 1786 3894 diligomnltum

92 3910 114 3968 0
130 3928 221 3982 quem
235 3910 389 3982 sperabam
406 3909 477 3965 vivis
493 3907 591 3981 procul
605 3913 634 3963 ei
648 3908 747 3979 procul
762 3908 847 3980 alter,
1001 3907 1170 3982 luteisque
1183 3912 1251 3979 tue,
1266 3907 1450 3980 consilioque
1465 3915 1525 3965 ino.

126 4001 207 4065 Quod
221 4006 297 4054 Dens
312 4002 423 4055 avertat
439 4003 470 4053 nt
485 3997 554 4053 mibi
566 4001 596 4052 tn
614 3998 714 4057 iacies.
967 3997 1031 4061 urit
1044 3997 1187 4059 Gnidonis
1198 3996 1318 4068 penuria
1334 3996 1425 4052 multa
1437 4001 1567 4068 penates.

92 4089 202 4146 Unicus
213 4093 258 4144 est
271 4088 332 4144 Orio
348 4088 419 4143 mibi
436 4088 524 4155 filins,
540 4088 600 4143 imo
615 4087 750 4155 coabbas,
1001 4086 1075 4154 Ode,
1090 4085 1227 4142 roriferas
1243 4085 1289 4140 cni
1303 4084 1369 4156 pluo
1380 4085 1512 4141 divitias.

127 4178 182 4234 Pro
197 4194 253 4248 quo
265 4178 385 4232 devotus
401 4180 464 4232 asto
476 4176 534 4230 tuis
554 4175 688 4248 pedibus.
1251 4175 1375 4232 Dominae
1390 4179 1504 4232 Emmae.

89 4266 222 4338 Namque
237 4281 357 4322 manum
387 4280 475 4338 snper
488 4264 567 4320 huno
591 4264 680 4320 nimis
705 4269 844 4336 aggravat
866 4265 914 4322 ille
966 4265 1183 4322 Gonobiiarnm
1203 4265 1293 4320 deone
1308 4268 1337 4319 et
1351 4264 1551 4321 decorlimms
1566 4280 1712 4339 sororum,

625 4353 789 4424 [demessis
1001 4354 1122 4425 suscipe
1137 4354 1214 4424 quod
1231 4353 1353 4409 mandat
1369 4351 1562 4425 Bnrgntianne
1576 4369 1637 4410 eve.

126 4446 201 4500 iram
219 4445 269 4519 qni
285 4458 365 4521 pape
381 4443 515 4509 ineditus
530 4444 664 4510 emeruit.
929 4429 952 4494 Il
969 4440 1166 4517 Burgulisnus
1186 4459 1238 4498 ave
1258 4442 1310 4497 tibi
1328 4445 1456 4515 uveniat,
1473 4447 1502 4498 et
1517 4443 1649 4500 ivumoiai
1663 4444 1748 4519 illud,

90 4535 235 4606 lmposnit
250 4533 394 4603 siqnidem
405 4532 463 4603 regi
481 4533 616 4587 disdems
631 4531 764 4604 Philippo
1002 4531 1082 4597 Quod
1099 4535 1126 4585 te
1137 4531 1286 4602 contiguet
1301 4536 1508 4603 perpetuetque
1523 4532 1607 4588 mihi.

125 4627 209 4679 Nunc
220 4631 246 4678 et
262 4622 290 4676 in
307 4621 361 4677 boc
377 4637 458 4693 pape
476 4619 595 4693 negligit
611 4621 780 4692 imparium,
967 4618 1072 4690 Uipote
1087 4635 1174 4691 quam
1190 4618 1306 4690 proprio
1318 4618 1360 4674 sic
1375 4620 1444 4674 lorii
1458 4620 1544 4676 melle
1558 4621 1673 4694 sophia,

90 4714 247 4785 Propterea
262 4714 353 4767 inodo
370 4728 434 4767 mea
445 4711 556 4769 viscera
569 4697 703 4769 ineditus
715 4710 787 4778 ude,
1002 4706 1039 4763 Ut
1053 4711 1276 4771 uunuemtnenl
1291 4708 1382 4767 ubete
1397 4707 1468 4767 lactc
1485 4713 1548 4765 tus·

125 4803 162 4859 Ut
177 4803 249 4858 mibi
266 4801 400 4872 perficies
414 4801 488 4856 bane
504 4799 558 4855 ilbi
572 4815 634 4855 rem
652 4800 778 4858 incitem.
966 4797 1047 4865 Quod
1060 4811 1153 4866 super
1167 4795 1261 4866 putuit
1277 4796 1348 4851 mibi
1366 4796 1496 4854 carolina
1510 4807 1605 4855 vestra
1619 4800 1726 4873 legenti

90 4890 212 4946 Abbatis
228 4899 337 4960 purtem
355 4894 499 4944 sustentes
515 4888 616 4943 ordine
627 4895 714 4955 recto,
1002 4889 1068 4953 Quae
1086 4893 1114 4942 tn
1130 4885 1258 4957 gratuito
1270 4890 1384 4942 nectare
1399 4889 1560 4944 condieras.

126 4978 162 5034 Ut
177 4983 357 5034 restauratur
372 4977 451 5033 illins
466 4976 514 5032 iile
528 4991 620 5041 meus,
967 4975 1007 5031 ld
1023 4979 1050 5030 te
1061 4979 1240 5030 concurrunt
1254 4974 1389 5031 examina
1400 4974 1621 5048 discipularum,

88 5068 169 5132 Quod
181 5066 365 5125 confirmavit
379 5066 407 5121 in
424 5081 457 5121 eo
473 5066 600 5123 Romane
615 5067 754 5137 potestas,
1002 5063 1040 5121 Ut
1054 5067 1221 5127 recrcepinr
1238 5078 1307 5139 epea
1326 5062 1412 5120 melle
1428 5067 1558 5134 parentis
1574 5068 1649 5140 epis.

124 5155 331 5212 inconvulsum
349 5155 397 5221 sii,
414 5157 643 5225 permaneatque
658 5159 765 5216 ratum,
965 5151 1085 5216 Quodsi
1100 5151 1262 5223 discipulos
1278 5156 1374 5208 vester
1389 5151 1652 5227 concedereiordo,

88 5244 119 5299 lli
136 5248 217 5316 potes
233 5249 261 5298 et
276 5244 375 5307 debes,
392 5243 447 5298 uisi
467 5243 747 5313 mecontsmpscris,
762 5244 823 5299 Odo
1001 5240 1110 5297 Vellem
1128 5239 1292 5312 discipulus
1308 5239 1433 5311 ipsemet
1446 5257 1510 5296 cese
1525 5245 1603 5297 tuus.

121 5333 264 5388 Abbatem
281 5337 381 5387 sancto
398 5331 518 5386 reddere
534 5330 673 5402 Remigio.
1206 5332 1319 5386 tmotor
1334 5329 1544 5399 arciepiscopo.

87 5422 149 5478 Non
167 5423 300 5493 ingratus
311 5437 370 5488 ero,
388 5420 584 5491 superaddam
601 5420 810 5489 gratificandus
967 5418 1140 5475 Pontificum
1157 5417 1203 5474 lex
1223 5422 1268 5473 est
1283 5418 1393 5473 veniam
1410 5422 1545 5489 prestare
1557 5423 1680 5492 roganti,

125 5516 244 5568 Munera
257 5510 448 5578 carminibus,
466 5509 598 5565 carmina
614 5510 794 5567 muneribus.
1002 5507 1141 5565 Dissolvit
1157 5507 1248 5579 tegern
1263 5506 1313 5578 qul
1331 5505 1463 5577 probibet
1481 5507 1607 5564 veniam.
