3788 6000
151 229 208 290 sor
804 215 987 281 Arrectum
1010 214 1206 288 tuuuusrs
1796 228 1859 288 ιιι

155 368 217 425 Νοιι
238 365 313 420 ultra
327 363 376 419 riri
395 362 565 426 hesitantes,
583 359 672 414 sodex
692 356 857 427 interpretis
882 353 974 410 verbis
990 356 1015 422 Α
1031 355 1134 428 induti,
1149 361 1235 418 armis
1247 364 1378 429 accincti,
1395 364 1505 421 vexillis
1519 363 1600 420 elatis
1613 364 1649 420 ad
1675 365 1777 422 urbem
1805 382 1858 423 ex·

154 453 510 523 roborati,etooniretrum
530 452 625 513 canite
653 448 754 513 salute,
783 461 881 502 rursus
909 461 973 501 sca·
1028 447 1116 501 terius
1159 451 1382 523 impugnandam
1410 455 1552 522 advolant,
1585 455 1699 526 ignaros
1720 464 1789 511 aetas
1818 456 1859 511 rei

156 549 212 604 lam
228 547 395 611 ascendum,
412 551 438 599 et
454 542 596 598 moenibus
610 535 974 607 interantur,donoclerme
1029 535 1182 604 plurimum
1195 545 1387 600 confortantes
1399 545 1429 600 in
1454 544 1533 600 urbis
1545 544 1687 600 assultum
1703 553 1729 601 et
1742 561 1858 602 omnem

159 640 302 703 sexaginta
314 650 399 705 super
415 648 511 687 muros
527 631 631 687 inventi
651 629 850 687 constiterunt.
1029 624 1087 681 illis
1116 644 1174 684 rem
1189 633 1385 689 enucleantes.

157 731 225 785 Gne.
247 727 317 782 XXl.
348 757 380 767 -
408 726 515 780 bomiri
540 727 664 793 strepens
688 718 829 776 custodum
857 731 976 796 operen-
1031 713 1097 796 Cre..
1114 717 1375 777 Xiilib-Fr‘dclcs
1394 725 1490 792 perlat
1512 722 1589 778 urbis
1617 723 1772 793 operiant:
1807 741 1859 779 oe·

193 808 239 857 tor
255 825 262 866 ;
276 797 392 870 pactiles
401 797 454 852 atti
472 811 566 854 romrro
585 792 777 866 cxpcrqesocti
806 789 977 843 Cbrrrtrunor
1065 789 1168 871 saliam
1184 792 1334 875 [irasmundi
1348 808 1379 847 ιιι
1393 809 1456 848 orco
1470 796 1647 864 praaeminet:
1673 797 1764 866 prima
1796 795 1858 852 luce

195 876 369 944 impufflm,
1066 867 1173 927 peretur
1188 863 1412 919 bettrcortrstmaa
1429 864 1511 924 lions.

165 965 304 1023 ,lrrterea
318 966 413 1015 custos
428 973 573 1013 murorum
590 956 700 1026 ingyro
715 950 847 1019 civitatis,
878 948 977 1020 perlu-
1066 952 1176 1006 Interea
1203 954 1272 1008 dum
1305 954 1345 1008 sic
1372 954 1510 1011 interiore
1539 964 1567 1010 et
1592 955 1730 1013 exteriore
1759 972 1859 1028 pugna

159 1053 254 1108 stratis
270 1048 422 1118 meantibus,
437 1050 470 1101 ad
485 1046 639 1101 visitandos
658 1043 756 1108 ripiles
781 1041 935 1096 Turcorum
951 1044 979 1092 et

159 1140 395 1203 commonendos,
409 1136 530 1192 faculam
548 1151 632 1189 nrerru
650 1132 824 1193 t‘erens,rirrs
839 1127 978 1183 inanibus

160 1228 402 1289 occurritsedin
427 1233 571 1281 atramento
586 1224 642 1279 ictu
667 1221 754 1292 gladii
779 1218 870 1287 capite
898 1216 977 1271 illius

1030 1034 1117 1093 'irrrci
1135 1039 1253 1095 nimium
1276 1050 1464 1114 arctarentur,
1490 1044 1593 1112 Greci,
1624 1045 1699 1115 Syri,
1731 1046 1857 1102 Armenii

1031 1127 1116 1193 circs,
1135 1134 1163 1182 et
1191 1130 1242 1184 viri
1271 1129 1440 1187 ubrisrtanae
1470 1132 1668 1201 protessionis,
1698 1135 1732 1189 nd
1760 1142 1855 1205 partas

1031 1218 1198 1285 aperiendas
1208 1225 1236 1273 et
1247 1235 1324 1274 seres
1334 1221 1504 1278 scindendas
1528 1221 1855 1293 laetentercuncurrunt‚

158 1328 312 1390 amputato,
330 1315 619 1374 transeuntestnrrim
633 1312 758 1367 vicinam
772 1307 976 1375 inaresstsnnt.
1032 1320 1081 1374 per
1094 1306 1356 1375 qrrasBocmundus
1370 1317 1397 1366 et
1413 1310 1564 1367 urriversus
1593 1311 1733 1368 exercitus
1767 1312 1857 1368 intro-

160 1411 192 1467 ιιι
209 1424 262 1479 qua
280 1408 424 1463 universos
441 1403 621 1473 reperientes,
638 1400 730 1454 arlbuc
754 1412 854 1466 sopore
882 1410 979 1462 prava·
1032 1395 1134 1450 missus
1147 1406 1199 1453 est.
1216 1397 1340 1470 Signum
1357 1415 1461 1470 nempe
1476 1400 1725 1473 Bnerrrundi,quod
1737 1402 1856 1472 sangui·

165 1508 219 1563 tos,
237 1498 266 1552 in
281 1513 329 1552 ore
344 1495 430 1564 eladii
448 1496 657 1564 percusserunt,
681 1503 714 1542 ac
742 1486 772 1541 in
798 1485 897 1540 eodem
923 1483 979 1536 im·
1031 1482 1077 1538 nei
1092 1492 1151 1540 erat
1166 1485 1281 1554 coloris,
1297 1487 1389 1558 primo
1404 1490 1459 1545 dici
1472 1489 1638 1560 crepusculo
1667 1506 1700 1546 ea
1728 1489 1758 1547 ia
1776 1499 1857 1562 parte

158 1585 354 1658 petuinalins
383 1593 473 1638 turres
501 1583 651 1642 irruentes,
681 1581 803 1645 sir-‘gem
827 1572 978 1644 plurimam
1031 1589 1085 1643 qua
1102 1575 1178 1631 urbis
1194 1576 1265 1633 lacta
1278 1584 1320 1634 est
1336 1578 1458 1647 traditio,
1474 1596 1557 1648 super
1579 1595 1675 1635 muros
1696 1581 1725 1635 in
1744 1589 1856 1638 monta·

158 1675 265 1745 operati
282 1682 359 1737 sunt,
375 1675 466 1727 rirrnec
483 1671 539 1726 iere
567 1671 665 1723 decem
689 1666 807 1720 turrium
836 1662 976 1728 custodes,
1032 1666 1077 1720 nis
1093 1665 1235 1735 rutilabat,
1253 1681 1279 1723 ut
1297 1674 1403 1739 pateret
1427 1671 1561 1726 omnibns
1573 1673 1646 1741 quod
1664 1671 1713 1727 [lei
1724 1674 1814 1745 gratia
1830 1683 1857 1730 et

159 1765 188 1820 in
204 1782 236 1820 ea
249 1773 327 1834 parte
341 1762 417 1817 urbis
431 1760 509 1829 pravi
525 1775 626 1814 sonmo
642 1761 805 1814 immersos,
831 1753 893 1807 sine
921 1748 978 1804 ulla
994 1727 1017 1793 Β
1031 1756 1218 1823 opitulatione
1234 1759 1313 1823 urbs,
1328 1759 1363 1815 ab
1381 1761 1496 1815 bomine
1521 1760 1733 1831 insuperabilis,
1750 1763 1780 1818 in
1796 1779 1854 1818 ma·

159 1852 363 1909 vociteratione
378 1856 569 1921 peremerunt.
601 1847 649 1901 llis
673 1846 712 1900 ita
740 1844 769 1898 iu
798 1840 891 1911 plantio
912 1854 977 1909 pro·
1032 1849 1858 1908 nuslloamundietomniumlideliumClrrrstitraditact

160 1943 263 2009 stratis,
278 1958 327 2010 per
346 1941 483 2011 posticam
500 1939 651 2008 quoddam,
678 1934 751 2004 quod
777 1933 806 1986 in
836 1927 980 1985 montenis

162 2041 220 2089 erat
234 2032 313 2101 junte
329 2033 460 2085 eunrdem
478 2028 569 2084 locum
586 2043 641 2096 quo
660 2025 858 2086 ascenderant,
887 2017 979 2073 subito

161 2121 256 2177 lractis
271 2122 341 2176 seris
353 2121 474 2189 plurima
488 2132 589 2170 trranus
603 2131 634 2170 er
651 2110 835 2182 septingentis
851 2107 979 2162 immissa

163 2220 215 2278 est,
231 2210 421 2277 cornibusque.
443 2207 551 2261 tornner
579 2204 754 2268 intonantes,
783 2196 978 2261 Goeleirrdum,

163 2301 312 2356 linirertum
329 2305 354 2354 et
368 2306 484 2353 caeteros
501 2293 706 2362 courprirnores
717 2294 865 2354 antumant,
881 2296 977 2357 qnate-

159 2406 212 2445 nus
227 2391 260 2443 ad
276 2387 412 2442 auritium
428 2384 599 2439 intromissis
615 2379 782 2450 quantocius
799 2387 979 2447 properamus

162 2479 263 2534 urbem
280 2483 437 2544 penetrent.
454 2472 488 2527 Hi
504 2471 638 2528 cornibus
653 2469 766 2536 eruditis,
782 2474 808 2520 et
825 2481 873 2534 pro
897 2466 979 2529 siene

162 2571 228 2625 dato
245 2565 409 2637 recognitis,
424 2563 490 2632 quia
503 2565 674 2616 secretorum
695 2556 824 2612 omnium
853 2553 979 2607 consocii

160 2666 251 2721 erant,
267 2657 296 2710 in
314 2670 398 2708 manu
413 2655 524 2708 robusta
540 2649 683 2714 advolant,
709 2644 744 2699 ad
771 2654 891 2712 portam,
917 2657 979 2711 rpure

162 2762 273 2803 rursum
291 2745 319 2798 in
338 2744 480 2798 montanis
496 2738 700 2811 proennnebnt,
730 2735 934 2788 cernennentes
950 2737 978 2783 ut

161 2835 347 2892 intemerati
379 2831 512 2887 manistm
540 2835 635 2881 autem
661 2839 725 2879 aare
748 2820 887 2886 Darsiani,
917 2833 979 2887 qum

162 2925 228 2979 huic
246 2933 330 2993 portae
345 2921 471 2991 proxima
487 2923 555 2977 emi,
573 2915 657 2969 turci
681 2920 863 2980 exsurgentes
882 2910 979 2963 auditu

157 3013 422 3082 tumultu.lapidnm
436 3011 514 3078 jactu
532 3006 627 3062 Gallos
642 3002 806 3071 aberrarunt,
832 2996 979 3068 sociosque

1032 1943 1112 2004 capta
1132 1936 1177 1990 sit.
1194 1936 1320 1994 Sicseris
1331 1938 1438 1995 avulsis
1462 1950 1487 1995 et
1504 1940 1629 2012 undique
1645 1941 1733 2011 portis
1749 1943 1856 2013 patela-

1032 2023 1096 2090 ctis,
1118 2025 1240 2081 universi
1256 2027 1389 2083 admirati
1412 2036 1439 2084 et
1464 2029 1553 2099 gavisi
1582 2030 1726 2101 quomodo
1755 2031 1853 2086 coresi-

1032 2109 1103 2167 lium
1119 2114 1191 2170 istud
1206 2131 1262 2171 non
1289 2116 1424 2173 omnibus
1442 2117 1562 2186 petebat,
1580 2119 1855 2189 espargo-tardante-

1032 2203 1100 2257 riter
1114 2220 1191 2257 arma
1208 2205 1330 2275 rapiunt,
1346 2206 1420 2260 alius
1439 2206 1525 2261 alium
1541 2207 1685 2274 admonet,
1700 2217 1727 2264 et
1755 2209 1853 2277 rarido

1032 2307 1117 2346 cursu
1129 2307 1229 2347 omnes
1243 2295 1342 2348 armati
1356 2294 1451 2349 nrlnm
1466 2306 1492 2350 et
1501 2305 1595 2365 portes
1610 2296 1715 2352 intrare
1735 2307 1856 2354 couten-

1031 2379 1114 2435 dunl.
1132 2380 1251 2437 blilliare
1264 2384 1403 2453 quispiam
1421 2393 1612 2440 transcurrere
1626 2394 1743 2453 poterat,
1762 2388 1855 2456 prius·

1032 2484 1118 2539 qnam
1136 2472 1265 2525 universa
1284 2473 1434 2527 multitude
1450 2473 1675 2530 Christianorum
1694 2475 1857 2530 intromissa

1033 2566 1084 2613 est.
1104 2559 1169 2614 Mox
1186 2562 1354 2617 intrantium
1373 2570 1410 2618 let
1425 2565 1537 2617 milium
1556 2563 1664 2626 irneore
1691 2563 1860 2620 vehemente

1032 2658 1059 2704 et
1079 2653 1208 2719 strepitu,
1234 2652 1421 2722 tubarumque
1446 2654 1538 2708 sonim
1575 2652 1714 2718 horribili,
1745 2660 1770 2708 ei
1800 2654 1859 2723 pln-

1033 2736 1102 2791 rimn
1117 2739 1282 2795 vexillorum
1299 2741 1467 2808 elevatione,
1488 2751 1659 2797 armatorum
1677 2741 1857 2808 irrpenlicln·

1035 2843 1125 2893 errore,
1153 2845 1288 2898 equorum
1314 2829 1476 2885 hinnitibus
1499 2831 1583 2887 anci
1613 2831 1776 2899 stupefacti,
1806 2832 1855 2887 alii

1032 2917 1127 2972 athuc
1143 2919 1171 2972 in
1189 2927 1274 2974 strato
1290 2934 1340 2975 suo
1356 2922 1533 2991 quiescentes
1549 2920 1696 2990 improrisi
1726 2931 1753 2976 et
1778 2923 1854 2976 incr·

1033 3008 1250 3075 utrrseriprilant.
1268 3010 1393 3074 Qurrrurn
1409 3026 1473 3080 pars
1488 3010 1581 3065 subito
1602 3027 1651 3080 spe
1679 3010 1855 3066 defensionis

158 3119 255 3159 eorum
272 3102 320 3172 qni
335 3099 454 3155 immissi
470 3105 550 3152 eram
567 3094 684 3150 minime
699 3091 732 3145 nd
755 3099 861 3160 pttrluut
879 3103 977 3158 pettu-
996 3097 1016 3162 C
1032 3099 1181 3168 adunatur,
1201 3115 1284 3155 arcus
1299 3109 1326 3154 et
1341 3116 1419 3155 erma
1434 3101 1614 3171 arripientes,
1629 3101 1677 3156 alti
1688 3101 1716 3156 in
1728 3102 1853 3157 turribus

156 3196 229 3258 nire,
247 3203 273 3247 ut
288 3193 362 3246 bano
376 3188 529 3257 arrerireat,
546 3185 619 3255 passi
633 3191 708 3238 sunt.
731 3180 808 3236 Unde
826 3183 860 3234 ad
888 3174 976 3249 posti·

65 3295 68 3298 ’
157 3297 221 3338 cum
239 3282 403 3351 pradictum
418 3285 587 3333 revertentes
599 3272 713 3335 milites,
730 3269 776 3339 qui
792 3266 868 3322 scala
881 3265 981 3320 urbem

157 3375 341 3436 intraveram,
372 3367 515 3438 penebale
541 3364 625 3433 hujus
652 3359 751 3430 postrci
776 3359 848 3411 lerro
874 3356 978 3410 acutis·

158 3463 241 3528 simo,
257 3459 381 3527 ingenim
410 3457 566 3512 'lrrrcorum
583 3457 689 3522 parato,
706 3446 802 3502 lractis
815 3445 902 3500 muris
918 3460 977 3498 arn-

158 3551 329 3622 plinrerunt,
343 3555 370 3602 et
386 3547 427 3621 sic
445 3543 586 3614 principes
601 3556 633 3597 nc
649 3539 717 3594 socii
733 3552 830 3594 corum
861 3550 936 3606 equo
952 3541 980 3589 et

159 3637 282 3709 pedibus
292 3635 414 3707 spatiose
430 3631 587 3689 intromissi
602 3636 678 3686 suut.

158 3727 223 3782 Cae.
241 3725 329 3781 xxtt.
341 3754 375 3766 -
401 3719 644 3778 tamattoanrttas
663 3719 728 3772 binc
749 3716 814 3771 inde
840 3712 977 3796 partibas,

192 3797 331 3870 principes
345 3798 467 3867 primum
487 3792 619 3850 traditum
634 3805 693 3846 esse
710 3789 849 3845 civitatem
876 3783 976 3839 multt-

193 3870 288 3926 radiat
303 3870 437 3925 rnrlr'canl.

188 3959 273 4016 Torci
289 3960 393 4030 itaque,
411 3959 463 4012 hnc
478 3954 571 4012 subita
583 3949 783 4007 melioratione
799 3953 824 4003 et
853 3943 975 4001 tumultu

155 4043 682 4116 buccinarumcornuurnquestridore
711 4034 910 4107 expergefacti,
940 4035 973 4088 ad

150 4138 388 4204 armeiestinant,
410 4151 494 4192 arcus
509 4142 536 4189 et
564 4134 680 4203 sagittas
707 4128 857 4196 arripiunt,
883 4132 974 4180 turres

149 4224 309 4292 defensant,
327 4225 459 4293 utringue
474 4223 508 4276 ad
526 4221 648 4276 invicem
666 4217 761 4271 :ravis
788 4215 941 4269 certamina
957 4230 973 4268 a

148 4329 259 4369 sursum
276 4323 301 4368 et
318 4315 449 4369 deorsum
461 4306 685 4367 corrsoremesdn
704 4302 758 4360 hac
769 4303 891 4359 elanrosn
905 4303 971 4356 bine

148 4413 175 4459 et
187 4402 256 4458 hinc
270 4406 454 4460 contentione
468 4398 571 4455 milites
584 4395 722 4463 ttarsiani,
738 4392 784 4466 qui
806 4393 835 4447 in
865 4390 971 4445 montis

147 4494 297 4549 crrcumine
308 4492 530 4548 eteminentinre
544 4504 609 4544 arce
622 4496 714 4553 erant,
726 4479 861 4540 cornibus
886 4482 965 4535 tortr-
983 4476 1005 4542 [i

145 4589 187 4638 ter
214 4585 414 4648 insonuerunt,
444 4588 582 4653 quatenus
610 4574 695 4630 Turci
720 4573 766 4643 qui
797 4571 825 4624 in
855 4571 968 4624 civitate

142 4681 221 4728 erunt
243 4681 270 4728 et
293 4675 412 4728 turrium
442 4667 591 4741 presidiis,
620 4671 648 4719 et
676 4659 770 4716 adhuc
796 4658 826 4713 ln
855 4672 966 4712 snmmo

141 4759 259 4818 diliculo
277 4760 443 4828 stertebant,
459 4757 635 4827 evigilantes,
665 4752 698 4805 ad
728 4748 864 4804 auxilium
881 4761 967 4802 sacres

140 4859 335 4922 exsurgerent,
351 4853 447 4919 sicque
472 4844 608 4902 immissis
637 4837 808 4895 Christianis
836 4834 964 4890 resistere

139 4940 274 4995 valerent.
293 4939 372 5005 Quot
386 4937 525 4994 exercitus
540 4945 673 5003 magnus,
690 4926 737 4998 qul
770 4924 864 4980 adltuc
886 4931 963 4979 extra

139 5040 236 5083 muros
250 5027 338 5085 altera
353 5029 382 5084 in
395 5035 473 5100 parta
487 5024 620 5095 spatiosae
634 5018 712 5076 urbis
735 5015 912 5082 consederat,
927 5014 962 5070 de

137 5117 259 5172 aduentu
276 5120 305 5173 el
319 5117 496 5189 ingressione
507 5111 655 5170 Corbahan
669 5108 721 5164 hos
736 5104 766 5161 ln
777 5103 923 5161 montanis
934 5110 961 5160 at

134 5206 338 5264 lnarceroces
367 5207 500 5271 exaltare,
527 5201 661 5261 cornibus
690 5205 814 5266 strepere
844 5197 958 5250 eleon·

1033 3193 1058 3239 et
1077 3187 1214 3254 presidiis
1235 3188 1426 3256 persistentes,
1452 3189 1589 3258 plurimos
1615 3189 1744 3245 incautos
1773 3190 1853 3245 Cleri-

1033 3275 1248 3330 stinnnsinertis
1265 3275 1350 3343 vulpi,
1367 3277 1440 3332 riros
1454 3285 1480 3333 et
1500 3278 1646 3343 mulieres,
1670 3279 1781 3337 sauitlis
1811 3280 1853 3334 le-

1033 3364 1119 3420 rinnt.
1135 3370 1298 3422 Crnrcursns
1313 3374 1338 3422 et
1355 3368 1455 3421 dirersi
1472 3371 1621 3424 corrdictus
1637 3369 1710 3423 inter
1725 3385 1755 3425 se
1782 3369 1855 3424 dunt

1032 3459 1058 3507 et
1073 3470 1147 3509 coeco
1163 3465 1251 3510 marte
1267 3462 1400 3524 aguntur.
1417 3457 1581 3523 Christiani,
1609 3475 1728 3529 quartem
1762 3461 1852 3515 virtus

1032 3549 1057 3596 et
1069 3543 1156 3610 copiae
1173 3544 1309 3613 magisne
1325 3545 1414 3615 magis
1440 3544 1604 3610 atlluebant,
1629 3544 1848 3615 inardescentes,

1032 3646 1080 3699 per
1095 3631 1203 3704 donnae,
1215 3638 1242 3687 et
1258 3632 1362 3703 plateas
1376 3642 1403 3689 et
1418 3635 1494 3689 ricus
1518 3635 1638 3690 caritatis
1662 3634 1770 3691 Turcos
1794 3636 1850 3690 dil·

1031 3721 1108 3777 lusos
1122 3729 1147 3777 et
1160 3732 1286 3779 errantes
1302 3723 1330 3778 in
1352 3741 1400 3780 ore
1428 3724 1514 3793 pionii
1542 3726 1748 3795 percutiebant,
1777 3726 1850 3782 nulli

1029 3811 1102 3866 aerari
1114 3813 1269 3881 parcebant
1282 3816 1331 3868 aut
1343 3815 1420 3869 serui
1436 3813 1470 3870 de
1479 3829 1581 3885 genere
1596 3815 1852 3885 gentilium,donec

1028 3907 1103 3956 terra
1132 3901 1270 3968 sanguine
1296 3907 1324 3959 et
1352 3905 1535 3960 cadaveribus
1563 3905 1721 3961 occisorum
1750 3915 1847 3977 operte

1028 3998 1079 4049 est.
1096 3988 1225 4060 pluribus
1240 3993 1323 4047 etiarn
1345 3992 1425 4049 casis
1453 3994 1592 4049 exanimis
1622 3992 1849 4052 Cnristiannrum

1026 4080 1192 4148 corporibus
1209 4088 1264 4136 tarn
1281 4081 1428 4137 Gallorum
1445 4098 1529 4153 quam
1556 4081 1730 4148 Graecorum,
1760 4084 1845 4157 Syro·

1025 4183 1101 4235 rum,
1117 4168 1316 4225 Armeniorum
1336 4170 1479 4226 admistis.
1496 4171 1552 4228 Nec
1583 4173 1697 4240 mirum,
1723 4187 1788 4227 cum
1805 4175 1849 4229 rix

1025 4257 1088 4313 luce
1102 4259 1196 4328 agnita
1215 4259 1308 4314 adbuc
1324 4275 1407 4329 super
1423 4269 1524 4316 torrem
1549 4269 1643 4316 essent
1675 4261 1810 4327 tenebre,
1825 4269 1851 4318 rt

1023 4346 1126 4416 quibus
1141 4356 1288 4417 parcerent
1299 4352 1404 4419 siquos
1420 4349 1535 4404 lenirent
1551 4350 1848 4419 penitnsignorerent.

1026 4433 1098 4491 Nam
1116 4450 1185 4491 voce
1200 4438 1317 4506 etsigno
1333 4436 1499 4493 Christiana
1515 4437 1696 4507 professionis
1720 4439 1806 4496 'l'urci
1823 4448 1849 4496 et

1024 4522 1174 4577 Sarraceni
1206 4525 1307 4581 timore
1349 4528 1447 4581 mortis
1485 4527 1687 4592 acclamantes,
1729 4525 1845 4595 plurimi

1022 4612 1186 4683 peregrinos
1203 4612 1347 4680 fallebant,
1364 4623 1391 4670 et
1406 4616 1469 4671 ideo
1484 4616 1631 4672 communi
1657 4616 1844 4686 strageritam

933 4747 949 4757 ..
1020 4699 1306 4758 amittebantdiecem
1319 4702 1409 4760 millia
1425 4703 1503 4761 luere
1531 4705 1701 4771 occisorum,
1724 4720 1845 4776 quorum

1020 4808 1139 4863 corpora
1152 4810 1199 4864 per
1214 4794 1292 4849 vicos
1305 4800 1332 4850 et
1347 4793 1455 4865 plateas
1472 4794 1593 4852 civitatis
1620 4809 1693 4851 caess
1720 4803 1747 4850 et
1771 4794 1844 4852 ierro

1017 4902 1034 4940 u
1049 4881 1138 4939 Gallis
1148 4884 1287 4941 exstincte
1302 4892 1380 4944 sunt.

1017 4975 1082 5029 Car.
1099 4972 1195 5028 xxtv.
1211 5002 1245 5016 ·—
1260 4976 1377 5045 erepant,
1400 4991 1451 5047 prro
1466 4975 1582 5047 qunque
1602 4979 1719 5047 poterat,
1743 4978 1842 5048 [upum

1050 5044 1151 5171 Ξιᾶξιῖιὲι
1162 5046 1319 5173 eggigi?
1338 5047 1484 5104 altissimis
1498 5047 1617 5119 rapidae
1640 5045 1766 5103 cadentes
1778 5047 1844 5103 clrsr'

1048 5206 1171 5262 Plurimi
1186 5207 1342 5264 'lurcorum
1359 5208 1488 5265 ridentes
1508 5208 1613 5266 cadem
1642 5208 1840 5280 gravissimam

133 5295 213 5366 gredi
227 5295 357 5352 arbitrati
374 5303 453 5364 sunt,
482 5291 597 5365 penitus
625 5289 789 5360 ignorantes
814 5282 958 5354 q⁰⁰ffi⁰s¹⁰
1012 5310 1073 5367 qum
1090 5294 1185 5363 fiebat,
1203 5301 1231 5352 nt
1246 5297 1314 5368 quie
1330 5307 1389 5354 tota
1405 5298 1473 5354 urbs
1489 5296 1578 5353 armis
1605 5303 1633 5354 ct
1647 5296 1757 5355 viribus
1772 5297 1840 5353 Gal·

133 5384 314 5441 urbstradita
328 5392 355 5443 et
369 5391 455 5457 capta
470 5384 595 5440 iamenu
610 5371 956 5435 Gallorumsltltoemun·
1011 5380 1103 5440 torum
1117 5385 1310 5456 renundatus,
1330 5387 1392 5443 ,pm
1414 5386 1591 5459 damnasses,
1615 5401 1630 5443 ο
1655 5386 1785 5443 ruffinus
1813 5394 1843 5444 et

132 5475 197 5547 dus,
221 5476 406 5548 boymundus
433 5482 462 5534 et
488 5473 665 5540 Taulrradus,
696 5466 798 5542 qulbus
828 5481 872 5522 rus
898 5469 956 5523 lule
1010 5473 1148 5546 presidiis
1159 5475 1282 5533 civitatis
1293 5475 1628 5549 rugientes,adrnontana
1651 5477 1841 5550 contendunt,

136 5564 274 5636 innotuit,
303 5565 407 5639 quique
422 5565 451 5620 in
465 5563 614 5620 obsidione
642 5557 839 5616 remanserant
854 5553 956 5611 loricas
1009 5562 1233 5620 pertemptatum
1254 5563 1522 5636 pepptsxapum‚ubt
1552 5563 1718 5637 praesidinm
1745 5564 1840 5636 magt.
