3788 6000
136 186 196 257 tur

786 192 967 261 uisuntur
987 158 1184 265 iuuencis

137 328 364 388 confessionibus
380 332 502 400 perpati.
525 332 666 390 nominici
695 335 822 405 corporis
836 340 862 391 et
893 346 961 388 san·
977 329 1002 398 A
1017 328 1126 393 dentes,
1149 326 1318 384 Christianis
1341 327 1456 385 obvium
1484 328 1668 399 invehuntur,
1686 338 1716 387 ut
1747 333 1835 405 primi

136 420 232 489 pruinis
246 430 423 476 sacramento
440 422 614 489 muniantur,
631 424 728 494 sicque
743 425 774 480 iu
792 422 884 494 primo
898 420 955 476 diei

135 511 261 567 diluculo
274 513 360 566 armts
373 514 570 577 accingamur.
589 513 672 570 Mane
687 515 878 581 autenticam,
895 528 955 568 orn·

136 614 188 655 nea
214 601 242 654 in
267 601 365 657 armis.
395 600 490 657 loricis
514 608 540 656 et
560 602 827 672 galeis,cbristiani
852 601 956 658 milites

136 696 329 746 convenerunt
355 699 454 761 quarta
476 689 538 746 ltal.
572 691 652 759 tutti,
678 699 704 748 et
729 693 804 748 acies
824 693 956 748 ordinant

135 777 308 834 uthucintra
319 779 633 836 urbemcnmmorantes
649 780 795 851 Hugonem
806 780 955 850 Magnum,

1009 416 1148 487 grandina
1162 418 1476 486 sagittarumcertameu
1487 419 1594 483 ineant,
1610 419 1744 488 buccina,
1758 423 1836 480 tubis

1009 514 1036 563 ct
1051 505 1186 562 cornibus
1202 505 1372 561 intolerabili
1387 507 1511 563 clamore
1539 508 1709 566 intonantes.
1734 514 1837 570 Provi-

1009 597 1111 651 dcrunt
1124 594 1200 650 enim
1215 593 1269 649 sibi
1294 610 1353 650 nrm
1368 596 1459 651 solum
1475 611 1509 652 ex
1524 596 1665 665 legatione
1683 597 1767 664 Petri,
1782 602 1835 672 qui

1011 684 1117 740 bellum
1143 683 1171 738 iu
1186 682 1309 739 crastino
1325 685 1365 739 eis
1391 687 1559 755 predixerat
1586 684 1758 756 allaturum
1783 692 1834 748 sed

1010 772 1135 846 quotidie
1146 774 1270 843 suspecti
1296 781 1322 828 et
1337 774 1452 831 solliciti
1485 782 1565 831 crstrt
1580 792 1616 832 uc
1630 776 1782 835 Christiani
1798 796 1833 838 ex

135 868 249 924 iratreru
274 868 347 937 regis
374 869 510 935 Francia,
541 871 727 940 praelecerunt
755 871 852 941 prime
884 868 956 924 aciei
1009 864 1162 936 improviso
1186 863 1292 921 beilum
1314 880 1380 921 otim
1407 866 1448 921 eis
1462 867 1686 924 committerent.
1706 870 1785 929 Unde
1799 874 1834 928 ad

132 959 289 1014 ductorem.
306 964 333 1012 et
356 958 524 1030 signiterum
547 960 760 1015 constituerunt
784 959 912 1030 equitnm
928 965 956 1013 et
1009 969 1102 1010 arcem
1119 954 1301 1010 sansadoniae
1316 955 1433 1012 nuntios
1447 955 1560 1013 assidue
1575 957 1746 1028 dirigebant,
1762 977 1835 1032 qus·

134 1047 270 1119 peditum.
288 1047 434 1114 liebertus,
450 1063 545 1103 crimes
574 1047 725 1109 Flaudrlae.
756 1055 781 1104 et
807 1049 955 1116 Rubertus,
1010 1052 1093 1101 tenus
1108 1045 1131 1099 sl
1147 1047 1259 1116 quando
1276 1047 1444 1115 persentiret
1459 1047 1633 1103 Christianos
1655 1053 1771 1119 armari,
1787 1061 1836 1108 sut

134 1136 267 1209 princeps
284 1137 532 1200 Nurtbmunornm
549 1137 658 1193 ‹luabus
674 1139 864 1208 praellcluntur
878 1138 953 1193 acle·
1010 1134 1115 1190 hortari
1130 1136 1164 1188 ad
1177 1149 1311 1203 pugnarn,
1328 1134 1368 1190 eis
1383 1135 1540 1201 nuntiaret,
1555 1151 1588 1192 eo
1605 1138 1679 1207 qnod
1707 1139 1837 1209 abarce,

135 1226 197 1293 bus,
220 1233 247 1280 ct
261 1226 303 1281 sle
316 1226 410 1296 juncti
441 1226 469 1280 bi
485 1230 540 1282 dno
561 1228 712 1297 propinqui
740 1227 770 1281 ln
796 1243 853 1282 nno
870 1227 954 1282 latera
1009 1226 1040 1280 ln
1061 1222 1212 1293 supercilio
1229 1222 1334 1278 montis
1349 1224 1412 1289 sita,
1430 1225 1622 1292 spectaculum
1647 1243 1741 1283 rerum
1769 1231 1836 1285 uui-

133 1316 335 1372 eonstltuntur.
362 1314 518 1385 Episcopus
544 1332 608 1372 roro
632 1317 779 1372 podiensis
800 1333 879 1372 suam
905 1332 954 1386 per
1008 1329 1153 1370 uersurum
1170 1312 1295 1384 undiquc
1311 1314 1339 1368 in
1359 1313 1427 1370 urbe
1442 1313 1585 1371 habuerit:
1602 1331 1657 1386 quo
1672 1324 1698 1371 et
1715 1316 1771 1385 ipsi
1788 1336 1835 1388 pa·

133 1423 162 1463 ss
176 1408 267 1462 aciem
284 1423 378 1462 versus
393 1416 527 1463 montana
543 1407 690 1476 diripiebat,
708 1418 801 1465 erecta
817 1408 845 1464 in
861 1408 953 1464 medio

131 1497 210 1551 illius
224 1511 314 1551 curren
331 1496 533 1565 lanceu‚quam
551 1506 724 1569 repererant,
736 1498 802 1553 etin
820 1498 953 1552 manibus

130 1582 279 1652 cujusdam
301 1584 574 1640 clericieonstitula.
606 1585 702 1640 Petrus
731 1587 765 1640 de
795 1585 951 1650 stadeneis,

1008 1408 1058 1462 rati
1070 1411 1098 1463 et
1112 1407 1227 1463 cuneati
1243 1422 1391 1463 occurrere
1419 1416 1542 1476 possent,
1558 1416 1584 1463 et
1599 1410 1695 1465 miuus
1711 1412 1833 1480 prouisis

1007 1497 1080 1553 Galli
1097 1503 1243 1552 nocerent.
1267 1498 1458 1552 Sutrsaulnnlas
1479 1499 1580 1552 nuntia
1597 1499 1708 1554 mittere
1733 1508 1834 1571 negat,

1006 1588 1053 1644 sed
1069 1602 1194 1658 pannum
1213 1587 1380 1641 latissimum
1410 1588 1555 1650 niusrrirni
1570 1593 1600 1642 et
1629 1588 1763 1644 horrendr
1780 1605 1830 1646 co-

132 1673 288 1728 lininardns
304 1673 339 1728 de
353 1672 418 1739 Tul,
443 1673 528 1730 trister
551 1676 611 1743 elus
631 1675 784 1729 Wernerus
800 1678 835 1729 de
859 1674 950 1742 (ienis,
968 1709 991 1774 B
1008 1678 1084 1741 loris,
1101 1676 1130 1731 in
1146 1676 1307 1730 sunrtrritate
1322 1674 1464 1730 bustarum
1481 1677 1639 1744 prettrum,
1656 1677 1685 1731 in
1702 1679 1830 1734 culinins

132 1763 272 1818 Hemicus
288 1762 322 1817 de
339 1763 438 1830 dsoba,
449 1763 857 1831 lleitrardusdoHamersbacb,
874 1764 951 1819 Wal·
1006 1782 1062 1820 suae
1075 1764 1147 1819 arcis
1161 1765 1268 1831 eripere
1283 1765 1442 1833 pollicetur,
1455 1765 1557 1819 deinde
1574 1764 1721 1822 horrisona
1733 1766 1832 1823 bucci-

131 1856 209 1906 terus
224 1851 259 1907 de
274 1850 449 1917 Drometlart,
476 1868 557 1908 suurn
584 1868 707 1909 curteum
736 1869 831 1924 repere
857 1854 952 1922 dlspc-
1005 1871 1041 1911 na
1058 1854 1236 1911 vehementer
1249 1861 1456 1924 perstreperent
1475 1855 1514 1909 ita
1529 1856 1649 1922 partitos
1662 1868 1757 1913 certos
1768 1860 1832 1913 rad·

133 1946 242 1996 nnntur
256 1956 353 1997 versus
368 1941 427 1997 brac
447 1951 581 1997 rnontann
597 1950 622 1998 et
647 1944 722 2000 viaru
748 1958 810 2013 qua
826 1944 903 1999 ducit
917 1944 951 1998 ad
1004 1944 1070 2000 dere
1084 1948 1119 1999 dc
1133 1949 1268 2013 apparatu
1286 1941 1350 1997 belli
1374 1943 1608 2000 Christianorum.
1626 1945 1708 2001 Hunc
1724 1951 1822 2018 ttaqua

131 2038 243 2099 portum
261 2031 346 2085 maris
362 2031 505 2088 Simeonis
518 2032 644 2101 praedicti
659 2034 800 2103 oriundam
816 2033 950 2089 eremitae.
1004 2048 1132 2102 pannum
1149 2032 1260 2086 luscum
1283 2031 1313 2085 ln
1337 2031 1450 2095 sinuum
1466 2032 1636 2088 conserendi
1653 2032 1749 2088 blartis
1769 2035 1824 2089 nri·

131 2118 231 2174 Curetes
255 2118 429 2174 licinbuldus
445 2120 481 2172 dc
496 2119 620 2187 Orinpis,
640 2120 803 2177 lodewicus
818 2121 853 2177 de
868 2121 951 2177 Mon·
1003 2136 1074 2193 gens
1087 2122 1116 2176 in
1134 2121 1289 2187 montanis,
1306 2134 1389 2188 snper
1403 2121 1494 2188 ipsam
1511 2122 1671 2189 perediotam
1687 2139 1780 2180 arcem
1795 2123 1827 2178 lr-

128 2225 204 2265 znns.
232 2209 397 2263 lambortus
418 2209 494 2264 lilius
519 2211 645 2266 (lunonis
677 2214 712 2267 de
738 2212 832 2268 llontc
855 2220 949 2279 acuto,
1003 2212 1054 2276 xit,
1074 2208 1728 2279 oudemboraquatlbristianorumapparatua
1749 2228 1823 2267 surn-

128 2297 212 2353 unius
227 2297 298 2352 aciei
318 2297 410 2353 ordini
429 2314 549 2365 praeesse
578 2300 766 2357 destinantur.
783 2300 846 2356 Dux
861 2301 949 2357 che·
1002 2314 1049 2355 mc
1064 2297 1191 2354 diluculo
1212 2297 1271 2353 lieri
1286 2304 1448 2368 conparant,
1466 2306 1493 2354 ot
1505 2300 1581 2356 acies
1596 2301 1821 2358 ordinabantur:

128 2384 218 2442 iridus
233 2401 298 2442 curn
312 2386 487 2456 Teutonicis,
505 2386 660 2453 Alemanis,
676 2388 809 2458 Bawaris,
825 2390 947 2445 Saxoni-
1002 2388 1060 2444 riso
1077 2388 1130 2443 boc
1143 2388 1234 2455 siguo,
1251 2386 1335 2442 etiarn
1363 2389 1484 2458 geritiles
1507 2391 1540 2443 ad
1559 2388 1747 2445 resistendum
1764 2408 1825 2460 pro·

129 2477 192 2543 bus,
222 2475 408 2543 lotharingiis,
435 2492 469 2531 ex
495 2476 605 2533 duobus
630 2478 745 2534 milibus
767 2480 893 2550 erinitum
923 2487 950 2536 et
1001 2476 1271 2541 viderent,armaet
1289 2477 1365 2531 acies
1394 2477 1569 2533 ordinarent.
1588 2479 1823 2549 Prtitinuspnnni

130 2566 256 2638 pediturn
273 2581 351 2621 suam
362 2566 453 2621 aciem
469 2566 642 2637 composuit,
658 2581 780 2638 querum
804 2585 908 2625 manus
922 2575 949 2625 et
1002 2567 1085 2636 nujus
1101 2568 1183 2637 signo
1198 2574 1224 2622 et
1241 2567 1349 2637 fragore
1366 2567 1508 2632 bacerna,
1526 2570 1698 2624 uorrlbititor
1723 2578 1827 2627 innann

125 2656 236 2727 glalius
247 2655 317 2710 solet
333 2670 393 2711 osse
408 2656 583 2712 sevissimus
595 2658 625 2712 in
641 2657 800 2713 cervicibus
815 2658 948 2716 inimico·
1001 2656 1047 2721 tis,
1063 2655 1232 2725 premendi,
1248 2655 1403 2711 densantur
1418 2662 1446 2712 et
1462 2666 1630 2725 cuneantur,
1646 2667 1673 2713 at
1688 2658 1827 2715 Christia-

125 2760 199 2801 rum.
215 2743 393 2808 Tnnlrrudua,
412 2745 505 2801 solnm
519 2761 597 2801 sunm
614 2749 703 2804 aciem
715 2763 749 2802 ex
766 2748 908 2819 equitibus
922 2756 949 2804 ai
1001 2745 1046 2802 uls
1064 2746 1165 2801 turmis
1181 2746 1211 2800 in
1226 2760 1377 2801 occursum
1394 2749 1526 2815 tendunt,
1542 2747 1577 2801 ab
1606 2749 1688 2818 equis
1711 2749 1826 2805 circiter

125 2832 267 2903 peditibus
281 2835 435 2890 constituti.
455 2835 532 2905 lingo
548 2837 581 2892 de
601 2841 629 2895 S.
647 2837 745 2905 Paulo,
762 2845 787 2892 ot
800 2837 874 2894 filius
886 2839 947 2911 ejus
1000 2836 1056 2893 duc
1072 2836 1164 2892 millia
1179 2837 1395 2903 descendentes,
1415 2838 1448 2891 ad
1474 2837 1680 2906 prohibendum
1708 2848 1824 2909 pontem

124 2920 309 2991 Engelradus,
326 2923 450 2978 Thomas
478 2924 512 2980 de
541 2926 618 2981 Faria
638 2931 740 2990 castro,
771 2927 948 2984 baldewinus
1000 2925 1117 2996 ejusque
1137 2924 1214 2980 tlurii
1232 2923 1398 2981 transitum.

125 3011 160 3066 de
176 3014 259 3079 Euripi,
276 3011 412 3068 liebertus
439 3012 515 3067 lullus
538 3013 685 3073 derlandi.
701 3015 886 3083 ltepmundus
912 3017 946 3072 de
961 3062 983 3130 C
1000 3033 1067 3088 eff,
1084 3032 1175 3088 mx,
1194 3062 1226 3073 ..
1242 3031 1345 3087 cpiam*
1359 3032 1474 3101 populas
1496 3034 1526 3086 fn
1543 3036 1636 3098 prima
1654 3035 1715 3090 005,
1740 3035 1828 3091 propp,-

124 3098 221 3165 Peleil,
238 3098 394 3155 Rcinoldus
423 3100 613 3170 beluacensis,
638 3102 720 3159 Wulo
744 3103 778 3158 de
802 3102 944 3171 Calmont,
1205 3104 1355 3174 pontillum
1369 3105 1623 3175 tumoimpeditur.

122 3188 298 3245 Ererbardus
315 3189 348 3245 de
373 3190 476 3257 Poisat,
503 3190 595 3261 'Drogo
611 3192 645 3248 de
671 3192 792 3257 blanzei,
809 3194 948 3249 liudolfus
1037 3192 1188 3249 Christiani
1203 3200 1297 3248 autern
1321 3191 1465 3262 principes
1480 3191 1508 3246 in
1525 3195 1622 3248 eadem
1639 3200 1719 3262 porta
1743 3193 1822 3249 ordi·

120 3278 197 3334 lilius
216 3278 369 3344 Godeirili,
387 3279 500 3334 Conans
516 3279 680 3347 Britannus,
694 3281 830 3337 liudolfus
842 3282 946 3337 simill-
1000 3282 1058 3338 nati
1070 3286 1098 3337 et
1108 3281 1282 3352 conglobati,
1295 3281 1472 3349 suspicantes
1482 3295 1515 3336 ac
1527 3282 1706 3350 prescientes
1716 3283 1824 3338 'lurcos

120 3369 336 3434 tarBritnunus,
354 3369 494 3426 blomnes
510 3371 579 3426 duas
594 3372 670 3428 acles
684 3388 780 3442 regere
800 3374 945 3443 alguntnr.
998 3372 1029 3428 in
1044 3386 1110 3427 arcu
1131 3379 1156 3426 ct
1182 3370 1283 3440 sagitto
1306 3369 1359 3424 sibi
1380 3370 1409 3424 iu
1435 3370 1510 3425 exitu
1534 3386 1586 3427 suo
1612 3374 1823 3444 adttrrsatnros,

123 3457 225 3512 Gastus
243 3457 598 3523 dchrdciz‚Garhardus
621 3459 945 3528 dcliosseloncivitatc,
997 3475 1111 3516 ominem
1130 3474 1246 3515 manum
1269 3458 1476 3529 sagittariorum
1505 3461 1642 3529 pedestris
1658 3460 1734 3527 ruini
1751 3478 1822 3531 proa-

123 3544 307 3600 Willbelmus
323 3544 358 3600 de
371 3545 534 3614 bloutpelir,
546 3548 607 3603 acie
623 3555 731 3602 tuntum
748 3564 803 3603 una
818 3550 945 3604 contenti
998 3551 1138 3606 miserunt
1153 3566 1169 3603 a
1184 3556 1263 3618 porta
1288 3556 1366 3602 trans
1389 3555 1505 3617 pontem
1528 3557 1555 3604 et
1576 3549 1693 3605 llurium
1720 3552 1825 3609 lisrlar.

122 3641 198 3688 sunt.
215 3633 397 3689 Beomundus
418 3637 451 3690 de
477 3635 620 3691 Siciliain
638 3645 762 3692 extrema
790 3639 861 3708 acie,
883 3654 944 3709 que
997 3639 1050 3706 Qut
1066 3644 1123 3693 Deo
1140 3634 1377 3706 iaustrtcponicrn
1395 3637 1596 3707 anticipantes,
1613 3639 1643 3694 in
1656 3638 1767 3695 Torcus
1782 3658 1827 3695 sa·

121 3723 370 3790 eratdensissima,
388 3724 531 3796 equitibus
546 3734 573 3781 ot
597 3726 741 3796 peditibus
764 3727 864 3783 ductor
877 3728 943 3784 atti»
996 3729 1066 3799 gitta
1081 3727 1201 3782 inlestos
1217 3727 1373 3792 irruerunt,
1391 3735 1470 3781 scuto
1492 3727 1575 3782 tectis
1602 3728 1768 3797 pectoribus
1781 3745 1825 3786 rc·

120 3812 237 3883 tutatur,
255 3821 284 3868 ut
309 3821 424 3868 caettaras
451 3813 527 3871 acies
553 3821 691 3882 tueretur,
706 3821 735 3872 et
752 3816 824 3872 torte
837 3817 944 3873 anxilio
995 3817 1140 3883 sistentes,
1153 3822 1179 3871 et
1200 3815 1294 3871 aleco
1308 3822 1482 3880 amoventes,
1500 3830 1650 3887 quousque
1675 3819 1710 3873 ad
1726 3819 1825 3875 static·

119 3902 312 3974 indigentibus
325 3902 500 3960 subveniret.
995 3920 1060 3962 nem
1077 3919 1211 3976 equorum
1228 3904 1354 3973 ipsorum
1368 3905 1467 3958 sanitta
1483 3903 1712 3961 Christianorum
1728 3918 1822 3963 trans-

994 3995 1116 4062 volante,
1134 3999 1299 4064 perventum
1321 3995 1375 4046 est.
1392 3992 1477 4048 Turci
1506 3992 1611 4063 itaque,
1628 3994 1676 4065 qui
1691 3996 1726 4050 ad
1754 4012 1823 4066 pun

119 4062 181 4120 Cll-
197 4066 321 4120 mm·
338 4097 371 4108 -
386 4064 491 4122 flium
512 4065 543 4121 ic
563 4067 630 4121 “7⁶0
646 4066 807 4139 flitmum
831 4068 940 4131 mmm»
994 4091 1049 4140 tarn
1070 4082 1105 4139 ab
1120 4084 1201 4152 equis
1215 4082 1419 4138 descendentes
1440 4082 1510 4152 peda
1535 4092 1754 4151 praecurrerant,
1781 4084 1824 4139 ui·

153 4137 347 4217 fidm'fflm'*
362 4145 520 4207 ‘’W''‘pm’
532 4139 629 4241 quim
644 4140 758 4209 aenam
775 4142 942 4210 “mam''‘m
993 4174 1091 4228 dentes
1111 4189 1141 4228 ss
1157 4187 1215 4228 nou
1231 4186 1314 4241 posse
1342 4168 1491 4237 obsistere,
1509 4186 1562 4226 nec
1584 4171 1657 4227 uirus
1679 4171 1821 4230 Christia-

154 4221 304 4278 armww
319 4213 427 4280 “mm
442 4213 599 4264 mmmm
993 4274 1046 4314 nos
1060 4276 1076 4313 a
1092 4264 1178 4328 ponte
1195 4256 1321 4324 abigere,
1338 4256 1387 4311 sed
1411 4271 1499 4326 etpuos
1515 4272 1581 4312 suus
1596 4274 1680 4327 posse
1707 4263 1824 4330 sagittu-

154 4349 345 4407 Sicomnibus
360 4349 420 4404 istis
434 4351 573 4406 ordinatis
595 4358 620 4407 et
634 4351 791 4423 dispositis,
807 4353 938 4410 comitem
993 4364 1056 4404 rum
1079 4348 1219 4413 arantino
1247 4346 1347 4416 perire,
1368 4346 1442 4402 letti
1463 4345 1492 4401 iu
1516 4347 1610 4415 lugam
1634 4350 1709 4404 etad
1732 4366 1823 4420 etitttts

118 4439 330 4513 Raymundum,
347 4437 553 4509 aliquantulum
569 4440 734 4496 infirmitate
749 4441 940 4507 laborantem,
960 4424 1165 4509 Dqtttttlocitts
1190 4443 1383 4505 limitelimite·
1406 4435 1481 4506 59⁸0&
1507 4437 1716 4504 ascenderuu13
1737 4447 1763 4493 0¹
1779 4441 1822 4495 ⁸10

116 4534 150 4588 pn
167 4531 299 4588 ruendam
322 4529 422 4584 uriiem
448 4538 562 4600 propias
587 4531 704 4597 Turnus,
730 4533 777 4602 qni
806 4541 885 4587 erant
908 4534 937 4589 ip
993 4526 1113 4581 liberum
1138 4524 1243 4580 exitum
1260 4521 1437 4587 Christianis,
1463 4522 1529 4578 lieet
1553 4525 1645 4593 iuviti,
1667 4541 1817 4583 concesse·

992 4618 1068 4670 runt.
1086 4613 1125 4667 Ad
1144 4612 1203 4667 bac
1215 4609 1366 4666 dussimus
1381 4611 1415 4664 de
1432 4611 1563 4680 friburgis
1578 4622 1686 4680 monte,
1697 4617 1744 4684 qui
1755 4627 1817 4672 erat

993 4704 1022 4760 in
1040 4703 1129 4773 prima
1144 4700 1197 4757 hac
1211 4698 1458 4755 acicconstitutus
1478 4715 1542 4756 oum
1570 4701 1687 4771 lingona
1703 4703 1820 4773 Magno,

993 4795 1120 4864 garrulans
1131 4805 1264 4862 prospero
1276 4803 1408 4844 successu
1421 4796 1447 4845 et
1463 4787 1553 4858 prima
1569 4789 1681 4846 victorin
1693 4791 1820 4850 bdelium

993 4881 1099 4936 uilitate
1115 4879 1193 4934 bustu
1210 4878 1303 4934 medio
1317 4877 1473 4933 'lurcorum
1503 4876 1680 4949 inuoluitur:
1698 4882 1746 4952 qui
1770 4883 1823 4938 bos

993 4970 1106 5039 dejecit,
1124 4968 1176 5023 bos
1194 4968 1327 5037 perierat,
1349 4965 1420 5022 alios
1441 4967 1596 5037 resupinat,
1612 4976 1638 5023 ct
1654 4970 1762 5039 ingenti
1779 4972 1813 5027 il-

993 5056 1085 5114 lcrum
1101 5057 1244 5114 occisione
1270 5055 1387 5112 laborat.
1405 5055 1485 5126 lingo
1515 5055 1658 5128 siquidem
1685 5059 1817 5127 Marinus,

993 5147 1092 5201 ridens
1111 5145 1185 5217 quod
1210 5144 1362 5201 anselmus
1385 5145 1447 5201 sine
1469 5144 1566 5215 aliquo
1592 5147 1692 5202 tiniore
1713 5151 1817 5206 mortis

994 5232 1088 5290 nostes
1104 5243 1284 5304 represserat,
1299 5234 1361 5290 sina
1383 5248 1462 5289 mora
1476 5234 1597 5300 advolat,
1622 5234 1713 5290 simili
1738 5239 1818 5296 caede

994 5322 1137 5379 mulctans
1153 5322 1334 5380 inimicorum
1352 5333 1486 5379 caterius.
1504 5322 1641 5379 liebertus
1657 5325 1817 5384 Flandren·

992 5409 1041 5479 sis,
1058 5410 1194 5467 liebertus
1224 5411 1485 5468 Northmannorum
1510 5426 1616 5477 coines,
1633 5413 1814 5473 baidewinns

992 5498 1193 5557 numericorum
1207 5502 1350 5572 princeps.
1364 5499 1530 5557 Eustaobins
1546 5516 1671 5574 quoquc,
1682 5505 1818 5564 aurdacter

22 4620 25 4624 ’
114 4621 301 4679 eminentiore
320 4634 385 4675 arce
407 4633 470 4674 curn
499 4620 685 4686 Sansudonia,
712 4621 771 4677 lilio
798 4622 938 4690 liarsiaui,

112 4710 288 4782 reliquerunt
315 4723 379 4764 oum
413 4708 534 4778 plurima
568 4709 668 4764 virtute
698 4709 937 4767 Christianorum.

115 4797 937 4868 linoexpletmomnesunauimitcr,sicutordinatiorem,

116 4895 140 4941 et
154 4887 297 4958 principes
317 4885 422 4955 singuli
452 4900 516 4940 cum
534 4886 592 4940 suis
607 4885 723 4941 ncicbus
748 4894 845 4956 aperta
860 4891 939 4955 porta

115 4993 169 5046 qiua
187 4976 337 5044 [corrigitur
347 4980 425 5029 trans
436 4973 555 5029 Fernam
573 4990 645 5044 pons
657 4973 939 5044 lapideus,adrersus

114 5064 300 5118 barbarorum
340 5062 465 5132 legiones
501 5062 654 5130 procedere
689 5063 883 5128 «increverunt,
908 5063 937 5119 iu

114 5149 225 5204 resillis
240 5148 318 5204 mille
338 5151 422 5205 variis
442 5156 467 5205 et
487 5150 607 5210 decoris.
625 5149 653 5204 in
679 5149 776 5205 loricis
798 5157 825 5204 et
840 5148 936 5218 paleis.

113 5237 261 5293 (lorbaban
272 5237 404 5293 similiter
419 5245 446 5292 et
471 5237 642 5306 solymanus
658 5237 687 5293 iu
703 5237 802 5295 dextro
819 5244 848 5295 at
865 5239 937 5294 sini·

114 5330 172 5382 stro
187 5340 287 5391 cornu,
304 5325 333 5379 in
349 5324 441 5379 ironic
454 5332 481 5378 et
495 5332 611 5387 aterno,
626 5324 799 5394 multiplices
810 5330 939 5381 statuunt

113 5414 201 5480 acies,
215 5428 297 5468 arcus
311 5428 405 5467 osseos
419 5418 446 5467 et
473 5427 593 5468 corneos
613 5413 643 5468 in
672 5414 805 5469 manibus
822 5416 856 5470 ad
884 5429 938 5484 pu·

113 5500 259 5575 giraudum
272 5504 410 5564 tenentes,
426 5499 569 5569 celerique
589 5502 660 5569 pedo
682 5518 700 5556 a
721 5502 823 5557 castris
839 5517 938 5573 proce-
