3796 6000
45 281 104 342 ΤΠ
523 280 581 341 Dii
602 280 750 343 curvis
772 280 837 342 DE}
857 280 963 343 ulcttt
985 282 1053 342 xit.
1076 313 1116 328 -
1137 280 1219 342 LiBI
1240 283 1280 343 X.
1692 288 1751 349 tta
1834 332 1839 341 .

42 413 158 484 hilis,et
173 430 243 471 esus
255 412 312 468 eibi
328 412 417 479 hujus
431 411 619 483 insatiabilis,
633 412 683 485 qui
699 429 757 486 quo
773 416 868 487 magis
884 417 910 484 Α
925 414 1017 471 acinis
1030 414 1453 487 inunumliqucremtcrculari
1465 420 1753 489 prementeconliuit.

38 504 182 573 sumitur,
194 519 227 559 ea
243 502 337 573 magis
350 502 489 568 esuritur,
502 507 650 574 alquanto
660 502 793 559 edentem
809 503 875 574 plus
929 503 962 558 lit
977 502 1095 572 pulchre
1109 503 1138 558 in
1149 502 1196 558 his
1211 504 1352 558 memorie
1365 504 1520 559 [lominica
1537 507 1681 576 passionis
1696 509 1756 581 agi·

40 591 416 658 satiat,tantcasurientem
425 591 613 646 adedendum
625 591 752 663 amplius
763 592 874 649 incitat.
930 599 1113 664 tur‚quorum
1123 593 1504 662 utrumquequodammodo
1515 594 1753 664 patitur,teritur,

40 683 107 739 Non
125 686 171 738 est
187 685 284 736 autem
299 684 375 735 atius
387 678 459 735 catix
471 676 555 736 calici
567 680 683 736 Domini
695 681 812 750 similis,
825 682 875 753 qui
930 679 1082 753 premitur,
1098 681 1166 750 quia
1181 680 1255 735 sicut
1269 696 1359 752 grana
1379 686 1523 752 teruntur,
1540 687 1572 738 ut
1588 685 1671 754 panis
1692 685 1755 758 liat,

43 771 87 828 sic
99 771 247 827 bibentem
260 768 359 825 divina
370 768 595 824 etinenarrabili
606 769 876 839 jucunditatelaeti·
931 771 973 827 sic
992 775 1021 825 et
1036 786 1098 824 uvae
1113 768 1275 834 calcantur,
1290 774 1322 824 ut
1337 770 1436 825 vinum
1457 770 1540 827 uarat.
1557 772 1658 828 Omnes
1673 774 1751 831 enim
1846 754 1851 759 ⁸

44 862 126 926 licat,
136 863 290 915 utomnum
300 857 875 930 pristinidolorismemoriamabsorbeat.
930 860 979 934 qui
993 860 1086 915 uniunt
1101 861 1191 914 uivere
1206 859 1237 914 in
1248 858 1356 914 Christo
1369 861 1442 927 lesa,
1455 861 1495 915 ait
1509 861 1677 932 Apostolus,
1694 878 1756 934 per·

45 950 111 1006 Non
127 948 222 1005 scium
239 953 349 1013 antem,
363 948 412 1002 sed
430 947 615 1003 etbibentem
630 948 671 1004 ita
683 948 877 1020 ingenitasihi
930 952 1099 1006 secutionem
1112 951 1264 1019 potiuntur.
1281 950 1312 1004 iit
1323 950 1406 1005 beato
1417 954 1500 1006 Petro
1509 954 1646 1018 testante,
1656 954 1690 1009 ad
1703 954 1758 1011 hoo

47 1035 448 1102 suavitateinebriatmteum
458 1037 645 1092 inexcessum
654 1039 876 1106 menttsjmtttat,
932 1038 1064 1094 Christos
1076 1055 1181 1111 passus
1192 1046 1246 1103 est,
1256 1047 1286 1093 ut
1298 1040 1461 1109 praecedens
1473 1042 1598 1114 vestigia
1609 1042 1756 1113 passionis

48 1129 122 1185 adeo
139 1132 171 1183 ut
187 1126 261 1198 patri
277 1131 305 1181 et
322 1125 419 1194 matri,
435 1128 526 1181 nescio
541 1141 586 1182 aas
602 1127 689 1192 dicat,
711 1130 743 1181 ut
757 1125 877 1183 semeti—
933 1129 1203 1201 imprimeretque
1220 1144 1272 1183 nos
1287 1133 1491 1200 sequentes,et
1504 1130 1625 1201 patienti
1637 1149 1756 1206 compa·

49 1233 137 1291 psum
146 1216 202 1272 sibi
211 1216 379 1287 abnegaret
390 1214 877 1288 quodammodoseipsumnesciat‚
932 1220 1053 1286 tientes,
1069 1223 1097 1274 et
1111 1233 1247 1290 asperum
1260 1217 1336 1274 inter
1349 1218 1495 1290 passionis
1505 1220 1708 1290 perveniemus
1720 1223 1757 1277 ad

49 1312 83 1363 ut
98 1321 188 1378 quam
205 1305 371 1377 frequenter
385 1303 538 1376 ingressus
551 1307 595 1360 est
605 1305 680 1360 viem
696 1305 804 1371 seculi,
821 1323 878 1362 non
931 1308 1143 1379 iucunditatem
1157 1306 1390 1363 resurrectionis.
1402 1308 1493 1372 Quem
1509 1324 1578 1380 ergo
1593 1310 1693 1366 suavis
1705 1327 1759 1383 gu·

48 1397 155 1461 videat,
185 1400 213 1450 et
233 1392 406 1449 vacillantes
435 1411 494 1464 pra
522 1393 663 1450 ebrietate
686 1410 817 1466 gressus.
848 1395 878 1450 in
933 1396 1760 1467 stusviaihujusdemulcet,pressuramtorcularienon

50 1485 275 1540 iubricramore
285 1483 430 1537 immundi
439 1482 700 1554 mundiiigerejam
710 1483 877 1555 nonJvaleat,
933 1492 1057 1543 recuset.
1075 1487 1142 1543 ideo
1154 1490 1184 1542 et
1194 1503 1268 1558 aqua
1280 1485 1310 1541 in
1323 1486 1461 1554 mysterio
1473 1488 1567 1543 nostri
1579 1489 1646 1545 vino
1658 1489 1762 1546 misce·

47 1574 114 1630 imo
130 1575 192 1645 iem
210 1588 268 1628 non
284 1571 382 1626 libeat.
398 1571 446 1627 Sic
460 1571 512 1639 sic,
528 1571 588 1628 imo
601 1570 687 1644 longe
703 1570 797 1638 aliter,
811 1574 879 1644 quia
933 1579 992 1643 tur,
1004 1580 1034 1631 et
1045 1572 1273 1632 siesacriiicium
1289 1573 1465 1645 acceptabile
1480 1576 1536 1631 Deo
1547 1576 1679 1645 offertur,
1690 1578 1761 1649 quia

48 1669 80 1719 et
97 1658 285 1717 ineffabiliter
300 1659 512 1732 panischristi,
525 1659 574 1731 qui
590 1666 634 1715 est
650 1676 788 1717 verecaro
804 1662 878 1732 ejus,
934 1666 1127 1735 tuncgretam
1138 1666 1196 1717 Deo
1208 1660 1354 1733 passionis
1366 1660 1608 1719 Christihostiam
1626 1664 1761 1722 immola·
1867 1652 1873 1667 ⁸

50 1751 182 1808 fidelium
196 1751 284 1807 corda
296 1749 452 1806 conssrmat
466 1768 473 1819 ;
490 1750 532 1805 sic
547 1749 765 1821 catixjuomtni,
777 1751 880 1824 quiesi
894 1780 919 1848 Β
935 1751 1136 1823 mus,quando
1146 1750 1435 1823 etipsi'passionibue
1446 1752 1509 1822 ejus
1521 1753 1610 1808 simui
1623 1753 1761 1825 patiendo

51 1857 121 1898 vere
135 1840 344 1912 sanguisejus,
359 1838 519 1894 bibentium
531 1841 619 1895 corda
629 1838 880 1913 laetiticatAEtapte
933 1840 1200 1897 communicamus.
1210 1844 1283 1894 Cum
1296 1839 1375 1894 enim
1391 1840 1533 1896 Dominus
1544 1848 1645 1897 noster
1655 1859 1762 1914 corpus

54 1930 174 2004 quidem
192 1931 221 1984 in
239 1928 284 1983 his
306 1927 459 1998 speciebus
476 1928 648 2000 mysterium
669 1929 879 2001 redemptionis
933 1929 1275 2002 suometsunguinemin
1288 1929 1428 1998 mysterio
1440 1929 1524 2001 punis
1535 1935 1562 1985 et
1574 1930 1632 1986 vini
1644 1947 1761 1987 sumen·

53 2023 162 2077 nostre
178 2016 325 2083 recolitur,
342 2017 369 2070 in
383 2016 490 2087 quibus
503 2032 594 2072 unum
606 2016 716 2088 aliquid
727 2034 761 2073 ex
779 2016 880 2075 multis
934 2021 1004 2076 dnm
1028 2019 1183 2092 discipulis
1198 2019 1336 2086 traderet,
1353 2020 1526 2075 mandatum
1542 2020 1632 2092 dedit,
1649 2024 1680 2077 ut
1704 2021 1760 2078 hoc

51 2109 191 2166 allicitur.
203 2108 243 2163 lix
256 2107 356 2162 multis
369 2107 446 2163 enim
458 2108 558 2178 granis
571 2105 655 2179 panis
664 2108 798 2177 allicitur,
812 2114 881 2165 etex
933 2110 1113 2182 frequentius
1125 2109 1154 2164 in
1163 2108 1524 2165 suioommemorationsm
1536 2114 1665 2182 agerent.
1677 2112 1759 2167 Tunc
1870 2164 1877 2173 ,

52 2198 157 2257 moitis
173 2197 379 2254 acinisvinum
391 2197 573 2269 exprimitur.
584 2201 616 2254 ln
627 2202 737 2255 tantam
754 2215 881 2271 namque
934 2199 1012 2256 enim
1027 2200 1115 2271 digne
1139 2197 1301 2267 offerimus,
1321 2201 1391 2251 tuno
1411 2197 1498 2269 digne
1521 2199 1677 2266 sumimus,
1693 2215 1759 2256 oum

53 2289 194 2346 unionem
205 2303 296 2359 grana
304 2285 439 2353 contrita,
451 2302 619 2358 conspersa,
633 2293 719 2359 atque
730 2294 882 2360 compacta
935 2287 1155 2345 multitudinem
1164 2291 1193 2342 et
1205 2286 1437 2358 magnitudinem
1448 2286 1599 2344 eharitatis
1608 2289 1673 2360 ejus
1682 2287 1711 2345 in
1722 2289 1764 2345 oi-

54 2378 245 2444 conveniunt,
261 2380 291 2431 et
306 2374 347 2430 ita
360 2391 452 2430 unum
468 2376 567 2431 omnia
583 2379 662 2445 suut,
679 2381 712 2431 ut
726 2392 849 2448 granum
865 2394 883 2433 a
937 2379 1052 2435 latendo
1062 2381 1091 2434 et
1103 2377 1246 2435 sumendo
1257 2375 1425 2443 recolimus,
1435 2381 1463 2431 et
1474 2376 1582 2433 similia
1594 2394 1645 2450 pro
1656 2394 1689 2434 eo
1699 2378 1762 2449 ipso

54 2483 149 2542 grano
160 2467 325 2522 discernere
335 2480 479 2536 nequeas;
495 2468 523 2519 et
538 2465 605 2537 quid
617 2467 702 2537 cujus
716 2466 811 2535 luerit,
823 2483 881 2523 non
936 2468 1080 2540 largiente
1094 2465 1153 2538 pati
1165 2481 1351 2537 nequaquam
1364 2465 1609 2538 subterfugimus.
1623 2468 1655 2522 ln
1670 2466 1761 2538 hujus

54 2558 150 2624 visos,
163 2571 221 2610 non
238 2559 345 2623 tactus,
358 2570 415 2608 non
431 2558 537 2625 gustus
549 2553 657 2610 indicio
668 2555 883 2626 deprehendere
936 2557 996 2613 vini
1011 2555 1088 2628 quod
1104 2556 1139 2611 de
1154 2553 1291 2610 torculari
1303 2554 1400 2610 crucis
1411 2553 1504 2609 stillat
1514 2559 1628 2626 typum,
1639 2556 1764 2611 deterre

57 2643 419 2716 valeas.Asperitateeninv
430 2642 729 2713 paleaecribrijudicic
741 2644 883 2713 discussa,
938 2644 1175 2717 repromissionis
1194 2644 1252 2699 duo
1267 2641 1485 2714 exploratorum
1498 2645 1527 2699 iu
1538 2648 1617 2700 vecte
1628 2644 1765 2701 deterant

58 2737 102 2792 ita
113 2735 143 2790 in
153 2732 286 2790 eamdem
300 2732 439 2805 speciem,
453 2732 628 2787 uteumdem
640 2749 786 2805 saporem,
797 2738 885 2804 atque
939 2735 1100 2802 botrum,in
1115 2734 1161 2805 cuj
1167 2750 1199 2788 us
1212 2733 1285 2788 mira
1300 2733 1500 2804 magnitudine
1510 2739 1539 2789 et
1550 2734 1684 2791 miranda
1696 2751 1765 2791 sua·

60 2826 92 2880 in
107 2823 241 2877 eamdem
259 2822 358 2877 omnia
374 2824 527 2876 transeunt
553 2821 712 2890 lenitatem,
725 2826 757 2876 ut
771 2822 844 2878 nihii
856 2823 884 2877 in
939 2824 1027 2880 vitate
1043 2822 1224 2894 repromisse
1236 2821 1293 2877 sibi
1308 2821 1486 2878 hereditatis
1498 2822 1663 2878 uberrimos
1679 2827 1769 2895 atque

61 2912 161 2984 specie
172 2923 304 2984 appareat
324 2909 476 2975 dissimile,
492 2909 564 2965 nihii
581 2911 610 2965 in
625 2916 713 2983 gustu
726 2911 781 2966 sibi
793 2911 888 2983 sapiat
940 2911 1131 2967 dulcissimos
1143 2911 1255 2964 tructus
1264 2909 1391 2981 populus
1401 2916 1603 2982 praegustaret.
1615 2911 1677 2966 Duo
1687 2926 1770 2965 nam-

61 3000 257 3068 contrarium,
274 2998 345 3054 nihil
357 2999 387 3054 in
404 3005 479 3055 tactu
499 2998 626 3071 aseipso
637 2999 781 3056 sentiatur
792 2999 888 3056 direr-
943 3017 1001 3073 que
1015 3000 1069 3055 viri
1084 2998 1113 3054 in
1129 3003 1210 3053 vecte
1230 2999 1346 3054 hotrum
1362 2999 1505 3065 deterunt,
1523 2999 1592 3071 quia
1608 3001 1676 3065 duo,
1694 3005 1726 3055 ut
1741 3004 1770 3055 at

60 3090 177 3148 cumbi
189 3105 258 3161 ergo
268 3090 308 3145 ita
318 3088 459 3144 uniuntur
468 3092 555 3161 atque
565 3089 715 3146 individua
725 3091 811 3158 fiunt,
823 3107 886 3163 quie
903 3135 925 3202 G
944 3090 1002 3146 alia
1016 3094 1084 3144 utar
1096 3087 1299 3154 similitudine,
1313 3086 1437 3157 parietes
1449 3087 1478 3141 in
1490 3103 1580 3142 unum
1599 3088 1771 3160 angularem

59 3182 96 3235 de
118 3184 195 3234 terra
211 3179 358 3242 oriuntur,
379 3181 488 3248 quanto
506 3175 600 3249 magis
622 3193 656 3233 ea
671 3195 734 3248 que
749 3180 784 3235 de
799 3196 889 3250 grano
944 3175 1769 3251 lapidemconveniunt,etdeutroquepopulo,iudaeorum

62 3265 889 3337 evangelicoetseminedivinebenedictionisnuscuntur.
944 3269 1055 3325 scilicet
1076 3271 1105 3323 ct
1128 3265 1270 3337 gentium,
1295 3264 1492 3336 exploratores
1517 3271 1545 3321 et
1566 3266 1772 3335 praedicatores

62 3359 105 3415 Ad
123 3356 177 3412 hoc
194 3359 271 3411 enlm
287 3371 411 3427 granum
429 3355 501 3411 iliud
518 3355 724 3429 Evangeiicnm
738 3357 768 3413 in
785 3366 890 3414 terram
944 3358 1028 3413 eiecti
1045 3355 1218 3428 mysterium
1234 3354 1330 3410 crucis
1341 3358 1369 3410 et
1384 3353 1544 3424 potentiam
1558 3356 1681 3410 incruce
1699 3370 1772 3427 pen·

61 3446 180 3511 eccidit,
192 3449 380 3501 utmortnum
391 3445 418 3498 in
430 3444 521 3499 altum
533 3445 644 3501 radices
657 3447 793 3519 mitteret,
805 3453 892 3519 atque
946 3445 1042 3503 dentis
1052 3446 1269 3500 circumierunt.
1288 3443 1320 3499 ln
1336 3444 1421 3512 cujus
1432 3443 1546 3499 infinita
1558 3443 1775 3515 magnitudine,

62 3538 205 3594 intutam
225 3534 324 3589 mundi
336 3532 520 3589 latitudinem
532 3535 710 3603 extenderet,
719 3541 749 3592 et
763 3537 838 3609 quod
849 3553 893 3593 so·
946 3551 1063 3605 attiguas
1079 3535 1155 3589 enim
1169 3534 1302 3588 nominas
1317 3535 1342 3588 et
1358 3532 1776 3605 laudabilissimisetmcpnt·

66 3625 128 3682 inm
141 3623 296 3690 ceciderat,
306 3623 361 3677 ilde
372 3622 502 3694 gentium
514 3622 740 3694 multiplicatum
752 3634 894 3698 surgeret,
948 3625 1052 3683 tudinis
1059 3625 1176 3690 sisaran
1187 3626 1227 3677 eat
1236 3636 1378 3688 ramerus,
1386 3621 1607 3677 etinenarrubili
1617 3622 1775 3691 suavitate,

67 3714 128 3769 Hoc
145 3713 244 3783 itaque
264 3727 388 3784 gracum
406 3711 482 3767 mola
499 3711 645 3783 passionis
661 3712 774 3780 tritum,
794 3719 823 3770 et
840 3715 895 3770 lide
948 3715 1052 3769 lutura
1065 3709 1256 3768 beatitudinis
1271 3709 1467 3776 dulcedinem,
1478 3710 1506 3765 in
1520 3715 1664 3782 quantum
1678 3727 1776 3766 corru-

69 3800 687 3875 popuiorumvelataquaconspersum,tam
696 3802 896 3871 indissolubili
948 3802 1057 3874 ptionis
1068 3811 1171 3857 nostra
1180 3799 1344 3855 amaritudo
1353 3797 1495 3866 admittit,
1507 3804 1733 3872 praegustamus.
1744 3797 1774 3853 ln

67 3889 275 3948 nohisatieotu
307 3889 460 3945 charitatis
486 3890 602 3945 unitum
627 3895 682 3957 est,
697 3896 729 3946 ut
744 3908 778 3947 ex
794 3892 896 3948 multis
949 3894 1013 3963 eJns
1028 3889 1174 3961 siquidem
1191 3887 1389 3957 mellilico,ut
1404 3888 1443 3942 ita
1457 3887 1590 3956 dixerim,
1606 3887 1777 3961 quinionge

69 3979 171 4055 granis
183 3996 259 4035 unus
277 3978 362 4050 panis
377 3978 470 4047 steret,
483 3982 512 4034 et
522 3995 556 4034 ex
566 3980 707 4036 membris
717 3980 843 4052 singuiis
855 3998 898 4037 ca·
951 3983 1050 4038 minus
1060 3990 1115 4051 est,
1130 3978 1274 4051 quidquid
1284 3978 1396 4047 dixero,
1409 3978 1439 4034 in
1450 3979 1514 4048 ejus
1524 3980 1621 4051 itaque
1635 3977 1776 4034 meiliilun

67 4070 123 4144 piti
138 4069 336 4139 suoejusdem
353 4068 506 4123 charitatis
521 4084 661 4140 compage
673 4068 896 4139 coherentibus,
950 4071 1055 4128 affectu
1070 4071 1262 4143 degustamus
1279 4074 1385 4122 terram
1407 4066 1645 4138 repromissionis
1661 4073 1777 4134 nostra,

66 4174 160 4215 unum
177 4173 292 4229 corpus.
310 4157 429 4228 Propter
447 4156 510 4224 hoc,
526 4156 718 4229 utjscriptura
733 4159 786 4226 ait,
804 4159 897 4216 lucius
950 4176 1016 4216 vere
1043 4159 1114 4215 rivis
1131 4156 1225 4214 meliis
1241 4160 1270 4212 et
1289 4155 1374 4211 luctis
1390 4156 1488 4223 liuere,
1505 4164 1532 4212 et
1548 4172 1649 4213 omnes
1667 4158 1779 4212 fruetus

66 4249 314 4320 homopatremet
326 4255 444 4302 matrem
462 4245 628 4318 reliquit‚et
640 4246 721 4303 uxori
732 4264 790 4303 sua
802 4248 897 4305 adhae·
951 4255 1033 4306 terrae
1051 4252 1157 4304 nostres
1180 4246 1314 4302 eamdem
1329 4260 1444 4317 semper
1462 4245 1646 4302 dulcedinem
1663 4260 1777 4319 sapere.

68 4339 121 4403 sit,
133 4341 165 4391 ut
179 4343 277 4393 essent
294 4336 351 4390 duo
366 4336 394 4390 in
411 4350 577 4404 carneuna,
591 4352 719 4407 sponsus
735 4340 763 4391 et
778 4354 897 4408 sponsa,
953 4340 1020 4395 ideo
1034 4342 1061 4393 al
1079 4335 1235 4407 Propheta,
1251 4335 1301 4407 qui
1318 4334 1378 4389 haec
1408 4336 1620 4407 degustaverat,
1645 4335 1776 4407 seipsum

69 4425 242 4481 Christuset
254 4423 392 4480 Ecclesia.
402 4424 515 4479 Patrem
525 4424 633 4496 quippe
642 4425 769 4497 reliquit,
782 4428 898 4498 quaudo
952 4427 1120 4492 consolans,
1130 4424 1316 4479 letabundus
1334 4424 1487 4479 decantat:
1503 4424 1588 4480 Credo
1602 4427 1695 4480 videre
1710 4425 1781 4479 bona

68 4515 235 4573 minoratus
252 4513 338 4586 paulo
351 4514 448 4568 minus
459 4514 495 4569 ah
506 4512 616 4584 augelis
631 4515 822 4588 semetipsum
835 4517 892 4571 exi·
909 4503 933 4568 Ι)
948 4518 1058 4575 Domini
1069 4516 1099 4569 in
1109 4511 1359 4570 terruaiuentium.
1376 4514 1412 4567 Et
1422 4511 1547 4583 eleganti
1560 4515 1632 4570 satis
1644 4512 1783 4569 similitu-

70 4605 195 4670 nanivit,
211 4604 328 4677 quando
345 4604 471 4659 traditus
484 4620 539 4660 non
555 4604 768 4676 egrediebatur,
781 4606 895 4677 patiens
950 4607 1018 4663 dine
1034 4608 1191 4675 utrumque
1208 4602 1379 4674 mysterium
1405 4601 1511 4673 lapidis
1527 4608 1555 4659 et
1572 4603 1647 4658 botri
1662 4602 1720 4658 sibi
1736 4617 1780 4656 re·

70 4692 896 4759 noncomminabatur,intrainfirmitatisnostrraclaustra
950 4688 1778 4769 spondet;quie,sicutlapisanguiurisutramqueparis·

64 4799 98 4840 sa
125 4783 293 4848 continens,
320 4787 348 4837 et
375 4787 502 4852 paternas
523 4781 639 4838 virtutis
662 4783 821 4853 potentiam
838 4800 895 4840 non
951 4780 1783 4847 temediversovenientemmediuscontinet,sioetutrum·

64 4887 188 4928 exuens.
221 4868 348 4942 Reliquit
371 4874 400 4924 et
430 4873 707 4937 matrem,matrem
729 4887 816 4926 carna
839 4888 895 4928 non
952 4869 1491 4949 queportitorempraeeuntem,scilicet
1503 4877 1528 4924 et
1540 4871 1781 4942 subsequentem,

67 4958 177 5033 spiritu
193 4973 389 5032 synagogam
404 4963 496 5013 mater
511 4957 587 5013 enirn
599 4957 695 5015 carnis
711 4975 788 5028 caro,
806 4965 898 5017 mater
948 4965 1047 5038 jungit
1065 4964 1177 5029 botrus,
1193 4961 1243 5032 qui
1260 4958 1375 5013 medius
1390 4959 1505 5030 pendet.
1524 4960 1577 5015 Sed
1594 4962 1664 5013 sunt
1685 4954 1779 5029 aliqui

68 5049 164 5112 verbi,
181 5048 499 5120 fides,quaequianon
517 5048 900 5122 agnovitquemgenuit,et
954 5056 1003 5129 qui
1019 5051 1164 5109 visibilem
1193 5049 1371 5105 sacrosancti
1400 5048 1529 5119 mysterii
1556 5047 1782 5120 speciem,dum

71 5155 160 5211 quem
178 5137 308 5210 praedixit
324 5154 382 5193 non
397 5137 533 5203 credidit,
545 5147 680 5195 matarum
692 5138 897 5210 pietatisetui·
954 5143 1093 5201 attentius
1118 5137 1284 5202 attendunt,
1301 5137 1330 5190 in
1348 5135 1466 5191 veritate
1484 5137 1549 5208 ipsa
1573 5136 1630 5192 lide
1643 5136 1782 5208 caligant,

70 5227 181 5282 lectum
195 5226 321 5299 perdidit
331 5225 550 5284 etvocahulum.
566 5227 698 5284 Adhaesit
709 5233 805 5285 autem
817 5231 900 5288 utari
954 5233 1120 5289 hesitantes
1136 5227 1282 5300 quomodo
1300 5229 1433 5281 manente
1449 5228 1573 5298 pristino
1586 5228 1669 5300 panis
1682 5223 1783 5281 etvini

73 5333 136 5373 sua
152 5320 333 5388 congregatas
345 5316 526 5389 degentibus
540 5315 686 5385 Ecclesiae,
699 5334 762 5389 qum
775 5319 843 5390 quia
855 5319 901 5376 in·
955 5338 1058 5394 sapore
1069 5326 1096 5376 et
1111 5317 1218 5392 specie,
1231 5317 1261 5371 in
1271 5316 1468 5374 substantiam
1480 5319 1577 5374 carnis
1591 5313 1782 5388 etsanguinie

71 5405 176 5460 vitanti
185 5421 293 5477 sponso
304 5403 400 5460 dotem
413 5405 479 5460 iidei
490 5404 632 5468 exhihuit,
642 5410 671 5460 et
682 5405 769 5463 unius
780 5408 902 5478 spiritus
955 5410 1074 5477 Christi,
1086 5407 1180 5482 possit
1191 5405 1358 5462 substantia
1372 5408 1455 5477 panis
1469 5412 1498 5463 et
1513 5407 1570 5462 vini
1587 5405 1645 5462 alia
1654 5405 1684 5460 iu
1694 5404 1779 5458 aliam

72 5498 101 5551 et
110 5493 198 5549 unius
207 5493 490 5549 cerniscansortium
503 5493 618 5549 meruit.
630 5491 741 5550 Similis
752 5499 780 5551 et
789 5495 819 5552 iu
834 5496 901 5555 vino
957 5501 1094 5558 transire.
1109 5497 1164 5554 Sed
1181 5494 1248 5550 huic
1261 5492 1422 5551 infirmitati
1434 5495 1502 5552 lidei
1512 5496 1596 5553 tacite
1612 5498 1708 5568 potest
1720 5509 1781 5551 me·

72 5582 292 5644 consideranda
299 5583 476 5655 saturitatis
487 5581 789 5655 communio,quodex
800 5586 903 5646 multis
957 5589 1020 5648 deri
1034 5585 1230 5649 consideratio
1259 5584 1479 5658 omnipotentie
1493 5587 1557 5659 Dei,
1572 5586 1648 5660 quod
1670 5599 1728 5642 uon
1744 5581 1785 5640 sit

238 5703 367 5763 Parnon.
391 5700 527 5764 cuxtt.
1602 5707 1641 5765 2⁸
