3788 6000
100 214 157 288 tra
586 224 775 288 uisvcau
795 222 1067 288 uiuriosouvu.
1091 258 1130 274 -
1152 229 1228 292 us.
1251 226 1316 293 vu.
1751 189 1818 293 sis

100 360 237 434 episcopa
252 357 378 416 civitatis
396 358 589 432 Rema,quam
605 357 764 433 vulgariter
775 359 929 417 nominant
942 359 970 428 Α
984 360 1159 421 auxiliumet
1181 363 1257 420 vires
1272 362 1350 435 regie
1364 360 1529 434 Babylonia
1552 360 1612 418 iilis
1640 361 1807 434 adsuerunt,

103 451 252 520 ltamee,et
266 449 362 509 Natali
378 449 808 522 Dominiinomuijueunditaie
821 454 850 507 et
860 449 930 506 lasti·
983 454 1101 508 eentum
1129 451 1242 525 equites
1257 453 1366 508 Arabes
1381 457 1410 508 et
1437 452 1555 508 ducenti
1570 453 1695 523 Asopart
1709 469 1717 508 z
1733 468 1808 525 que·

104 544 143 598 tia
171 558 190 597 a
217 541 289 598 viris
317 539 471 596 catholicis
503 542 533 596 et
561 540 745 613 principibus
771 539 930 610 celebrata,
983 539 1430 610 rumjussioncetcousolaiione
1449 539 1807 613 longiusquamsoiebaut

105 630 306 697 boemundus,
321 629 506 687 Baldewiuus
522 638 548 686 ct
563 628 625 701 ipse
641 629 808 702 patriarcha
824 646 841 686 a
857 629 931 685 duae
982 626 1018 681 ab
1037 629 1109 685 urbe
1124 634 1153 685 et
1165 635 1249 703 porta
1278 630 1433 702 procedere
1460 630 1686 701 presumebant.
1698 631 1806 688 Audito

105 721 333 793 impetraverunt
350 725 382 776 ut
397 719 439 776 sic
452 718 509 775 iter
538 718 770 786 moderarentur.
786 724 931 792 quatenus
982 717 1100 774 landem
1112 717 1142 773 in
1157 718 1320 775 Jerusalem
1335 720 1459 774 adventu
1476 717 1605 786 illoram,
1617 724 1807 776 surrexerunt

103 809 292 868 edJordauia
316 808 472 865 flumenin
502 808 602 881 vigilia
628 807 796 880 Epiphania
811 806 931 864 Domini
984 804 1261 864 clamducedecem
1280 809 1387 864 milites
1402 807 1647 877 Christianorum,
1662 815 1691 865 at
1704 810 1735 865 iu
1747 816 1803 867 ter·
1877 828 1889 887 j

102 901 355 973 convenirent‚ubi
370 900 509 957 Dominus
524 900 613 957 Jesus
628 919 644 956 a
658 900 773 957 Joanae
786 887 931 972 baptizeri
985 897 1064 955 mino
1080 897 1211 957 ilameiis
1226 901 1420 957 constiterunt
1431 902 1465 956 ad
1482 901 1690 973 explorandam
1707 901 1747 958 rai
1763 916 1808 958 ve·

103 988 932 1066 dignatusest.0uivoluutatietdesideriueorumsatis·
983 985 1113 1055 ritatem,
1144 993 1243 1044 utrum
1270 988 1378 1046 milites
1401 989 1564 1063 Babylonia
1591 990 1755 1048 adfuissent
1776 989 1806 1046 ln

100 1081 270 1150 faeiene‚iu
300 1079 380 1137 omui
408 1085 551 1152 apparatu
580 1086 609 1136 et
630 1079 737 1136 virtute
754 1077 931 1151 peditumat
983 1073 1124 1132 auxilium
1142 1078 1807 1152 urhiseissur.0uiprotinusquinquearmi·

100 1173 308 1243 equitumoum
323 1169 411 1226 eiead
425 1169 523 1240 ipsum
535 1173 641 1225 {iumen
653 1169 804 1225 descendit
814 1184 821 1223 ι
833 1167 862 1223 in
873 1183 930 1240 quo
982 1165 1430 1237 gerosdirexeruuteutemoeaia
1442 1169 1522 1223 urbis
1535 1168 1570 1222 ad
1579 1167 1764 1226 lacessendos
1776 1171 1807 1229 si

102 1277 159 1334 pre
175 1260 285 1335 gaudio
298 1259 350 1317 loti
366 1267 434 1315 suni
449 1257 771 1316 etdeleciati.Poathaec
782 1255 931 1314 Baldewi-
984 1254 1188 1324 producendos
1216 1257 1303 1324 vires,
1328 1272 1453 1328 quorum
1471 1254 1548 1312 lama
1563 1261 1626 1311 crat
1642 1275 1650 1326 ς
1666 1256 1722 1328 ipsi
1738 1270 1805 1313 vere

102 1366 157 1407 nus
172 1355 202 1407 et
212 1349 401 1407 boemundus
416 1348 532 1405 inomni
549 1347 696 1404 hilaritate
709 1352 737 1404 et
753 1356 856 1403 mutua
866 1362 930 1419 gra·
983 1342 1081 1399 decern
1094 1343 1123 1399 iu
1143 1344 1315 1417 campestria
1331 1351 1424 1401 Assur
1439 1345 1662 1402 descenderunt.
1674 1346 1806 1418 Armige-

102 1437 224 1496 liscum
241 1441 316 1496 duce
331 1438 433 1506 laetati,
444 1437 504 1494 illio
520 1437 549 1492 in
566 1436 682 1510 regione
694 1436 844 1507 iordanis,
860 1436 928 1491 date
983 1433 1023 1488 ris
1039 1438 1135 1488 autern
1152 1433 1586 1507 discurrentibusinequieente
1603 1434 1708 1490 moenia
1725 1434 1806 1493 urhis

102 1544 167 1586 cum
186 1528 323 1602 lacrymis
339 1529 451 1597 oscula,
468 1529 504 1584 ed
529 1527 654 1584 invicem
669 1526 818 1583 dissociati
835 1530 927 1584 sunt:
982 1537 1016 1576 ex
1034 1520 1148 1579 decreto
1164 1523 1263 1579 decem
1276 1522 1661 1597 militum,trigiutaequitee
1675 1523 1806 1581 Arabum

102 1618 278 1675 Godefridus
301 1634 368 1677 cum
398 1617 563 1691 patriarcha
592 1633 724 1674 reversus
752 1615 928 1684 Jerusalem,
983 1610 1020 1665 ab
1035 1610 1106 1666 urbe
1122 1611 1220 1667 subito
1234 1611 1369 1668 exierunt
1384 1612 1608 1685 simulatosque
1623 1614 1750 1684 graviter
1762 1613 1806 1671 ln·

103 1708 362 1766 Bcemundusvcrc
375 1704 928 1765 etBaldewinueAniiochiametlluhae
943 1724 967 1790 B
983 1699 1075 1755 secuti
1091 1705 1170 1768 eunt,
1188 1704 1252 1773 post
1265 1705 1379 1773 tergum
1396 1700 1505 1757 relictis
1520 1699 1648 1759 insidiis.
1663 1699 1807 1774 armigeri

102 1796 210 1855 reversi
225 1802 305 1855 suut.
982 1805 1050 1846 vero
1065 1791 1388 1863 quantociusequorum
1398 1790 1550 1848 velocitate
1564 1793 1599 1847 ad
1615 1791 1714 1849 decem
1727 1792 1806 1865 aqui·

977 1882 1021 1934 tos
1036 1879 1271 1936 Christianorum
1288 1881 1387 1953 lugam
1404 1881 1541 1938 inierunt.
1556 1881 1668 1948 Quibus
1683 1882 1719 1937 ad
1735 1881 1805 1939 auh·

101 1932 167 1990 ⁰⁴¹²·
186 1932 234 1988 Ιχ*
251 1962 284 1975 “
301 1933 351 1990 ω’
378 1946 447 1988 “¹²⁶⁸
464 1935 551 1987 mr
577 1947 656 2003 mm
670 1932 857 1989 mmmmm
876 1931 927 1987 (ψ’
979 1969 1520 2027 veniendumdecemdomiuieulillico
1531 1969 1561 2026 in
1577 1971 1659 2042 equis
1670 1977 1699 2027 et
1715 1971 1805 2029 aruris

355 2005 480 2060 scissione
498 2005 666 2059 multantur.

133 2109 246 2167 Dehinc
260 2126 361 2166 meuse
387 2109 543 2167 Februario
556 2109 713 2175 medianis,
725 2110 804 2165 cives
819 2114 924 2174 Assur,

101 2199 170 2256 dum
186 2215 290 2256 secure
303 2201 339 2256 de
366 2199 414 2256 die
440 2199 470 2255 in
488 2199 565 2255 diem
593 2201 622 2254 in
647 2198 784 2254 omuibus
799 2197 926 2268 negotiis

102 2288 252 2345 studerent
266 2290 295 2342 et
310 2286 429 2358 paciilce
444 2288 479 2343 ad
495 2285 778 2343 excolendasvineas
793 2289 822 2341 ei
841 2300 925 2356 agros

979 2059 1135 2117 edlueruut
1147 2077 1154 2128 ς
1167 2064 1196 2116 et
1211 2060 1331 2134 triginta
1338 2061 1448 2118 Arabes
1462 2063 1490 2117 in
1499 2062 1597 2135 lugam
1611 2064 1804 2141 remittentes,

979 2167 1072 2223 usque
1087 2151 1124 2208 ad
1137 2158 1236 2224 portas
1252 2151 1493 2209 etmoeuiadesur
1507 2169 1556 2209 eos
1571 2153 1714 2225 persecuti
1722 2157 1804 2221 sunt,

978 2248 1038 2298 tres
1055 2241 1173 2298 illorum
1189 2242 1220 2298 iu
1236 2247 1385 2299 momento
1401 2242 1579 2315 perimentes
1593 2259 1734 2315 3quorum
1751 2259 1804 2302 ca·

978 2331 1039 2404 pita
1065 2333 1101 2387 ab
1116 2331 1269 2405 armigeris
1285 2337 1443 2404 amputata,
1460 2349 1528 2389 cum
1552 2333 1637 2406 equis
1657 2339 1686 2390 et
1701 2332 1804 2406 spoliis

103 2378 301 2450 procederent,
318 2377 438 2448 quidam
466 2377 644 2432 sarracenus
666 2391 701 2431 ex
713 2374 827 2430 civibus
842 2372 925 2430 urbis

102 2468 202 2532 Assur,
218 2471 252 2521 ut
267 2465 391 2538 gratiam
407 2465 549 2521 inveniret
563 2465 593 2520 in
608 2463 701 2520 oculis
716 2463 810 2533 ducis,
826 2463 926 2521 omnia

102 2556 365 2628 propalavit,quam
375 2555 468 2611 securi
484 2554 630 2610 etnullius
641 2555 743 2610 mortis
757 2558 924 2627 respectum

101 2645 252 2711 hahentes,
265 2645 301 2701 ab
313 2644 399 2701 urbes
411 2645 488 2700 aives
501 2643 613 2700 exirent
627 2644 665 2699 ud
687 2643 788 2700 omnia
802 2660 866 2716 qua
882 2642 924 2699 eis

100 2738 181 2792 erant
207 2734 384 2790 necessaria.
410 2732 475 2789 Dux
503 2738 611 2798 autem,
639 2737 796 2789 barraeano
812 2732 923 2801 audite,

977 2421 1803 2496 eorumadarentee,leruealemcumgaudiorevereisaui.

977 2560 1044 2616 Cae.
1061 2560 1109 2617 iil.
1125 2591 1160 2602 -
1174 2561 1253 2633 Apud
1267 2563 1351 2617 Assur
1375 2563 1478 2618 iterum
1502 2562 1664 2634 Bcbqionici
1692 2560 1801 2619 educis

1204 2633 1342 2688 militibus
1362 2632 1574 2690 detruncantur,

1012 2738 1169 2811 Comperta
1182 2737 1235 2793 hac
1247 2736 1377 2806 victoria,
1393 2745 1421 2795 et
1437 2744 1496 2797 tam
1522 2739 1665 2797 laudabili
1680 2740 1803 2799 audacia

99 2823 224 2894 benigne
238 2821 280 2878 llll
300 2822 330 2879 in
346 2823 485 2879 omuibus
500 2838 600 2878 aurem
616 2822 761 2888 adhibuit,
777 2825 806 2878 et
820 2837 922 2879 curam
976 2827 1075 2883 decem
1102 2827 1248 2899 equitum,
1274 2829 1332 2884 dur
1348 2839 1375 2884 et
1393 2829 1519 2885 universi
1544 2830 1590 2886 sui
1616 2828 1705 2887 laetati
1720 2836 1801 2890 suut.

100 2913 163 2985 slus
177 2912 237 2985 egit
251 2912 334 2968 uteie
350 2911 444 2984 magis
459 2911 521 2966 viro
538 2909 923 2967 blandiretur:uudeabillo
979 2914 1059 2971 Unde
1074 2920 1192 2972 centum
1208 2920 1238 2971 et
1252 2915 1446 2987 quadraginta
1460 2919 1573 2988 equites
1587 2934 1761 2991 convocans,
1771 2934 1801 2976 ru

99 3000 466 3072 traditorediesdesiguate
481 3006 591 3071 estque
605 2998 672 3056 illos
687 3001 717 3054 in
732 3000 824 3056 vineis
834 3001 925 3072 agris·
976 3001 1092 3057 insidiis
1107 3018 1208 3057 versus
1223 3001 1329 3058 Remea
1343 3003 1489 3060 conductu
1506 3003 1640 3063 Wcrueri
1656 3007 1692 3063 de
1706 3005 1800 3074 Grais,

100 3107 151 3162 que
167 3090 337 3148 laborantes
351 3089 423 3146 alios
439 3090 580 3155 occidere,
591 3089 664 3145 alios
682 3096 778 3160 posset
790 3105 923 3161 compre·
941 3095 963 3162 (ζ
978 3109 1011 3148 ac
1026 3091 1145 3148 liuberti
1162 3092 1354 3166 prehimilitts
1370 3094 1626 3167 dehpulia‚itur0s
1636 3098 1801 3170 coustituit,

102 3179 346 3238 bendereuadem
362 3179 462 3251 itaque
477 3179 524 3234 die
545 3177 924 3243 illucesceuie‚(iodeiridus
979 3186 1011 3237 ut
1025 3183 1134 3238 Arabes
1151 3182 1259 3239 milites
1275 3182 1374 3254 aliqua
1387 3190 1449 3240 arte
1460 3184 1623 3253 lacessitos,
1638 3195 1666 3243 ei
1682 3188 1718 3244 ab
1730 3189 1802 3246 urbe

102 3269 158 3327 dus
172 3267 370 3342 quadraginta
399 3268 505 3325 milites
529 3272 657 3325 armatos
671 3268 753 3338 juxta
774 3271 880 3324 Remea
893 3268 924 3324 iu
976 3279 1071 3326 Assur
1086 3271 1244 3343 productos
1261 3271 1534 3344 circumvenientes,
1551 3272 1662 3346 aliquid
1685 3274 1802 3348 insigne

101 3357 217 3417 insidiis
231 3357 635 3425 constituitouiSarraceuos
646 3357 682 3413 ad
698 3356 779 3413 mille
790 3373 923 3430 egressos
974 3361 1096 3416 cumeis
1110 3359 1295 3417 molirentur.
1326 3359 1497 3417 Mensaruni
1518 3362 1616 3434 itaque
1640 3362 1798 3421 himilitas

103 3449 253 3520 repentine
267 3447 379 3520 impetu
392 3463 534 3519 equorum
544 3447 655 3518 agressi
668 3451 778 3513 suntet
792 3463 922 3504 eoeeevc
975 3446 1132 3504 Christiani
1147 3448 1232 3505 ducis
1242 3447 1601 3519 juxtalismeeininsidiis
1617 3453 1732 3510 duobus
1742 3453 1802 3511 die·
1880 3454 1883 3459 '

100 3537 219 3595 vulnere
247 3536 463 3604 interimentes,
479 3553 569 3606 supra
595 3539 772 3609 quingentos
801 3537 923 3594 nuribus
976 3538 1031 3594 bus
1046 3536 1138 3594 danea
1153 3540 1229 3594 cives
1237 3538 1421 3595 Assuriertia
1435 3538 1597 3613 dieegressi
1611 3541 1720 3599 liducie
1730 3558 1801 3601 suc·

101 3627 259 3700 amputatis
278 3625 452 3684 etmauibue
474 3625 923 3700 autpedihusiucampesemivi·
975 3643 1041 3684 rum
1058 3626 1186 3683 militum
1201 3643 1350 3700 peragras
1376 3643 1442 3684 cum
1460 3629 1599 3702 gregibus
1615 3632 1689 3699 suis,
1705 3630 1800 3704 ignari

99 3732 148 3774 vos
173 3716 366 3789 reliquerunt,
383 3715 438 3787 ipsi
468 3731 535 3770 vero
564 3714 688 3770 victores
717 3731 784 3771 cum
800 3714 921 3787 captivis
974 3716 1065 3771 iatius
1080 3714 1288 3784 infestationis,
1314 3717 1413 3788 vagari
1437 3733 1540 3774 secure
1560 3724 1722 3791 caeperunt.
1739 3719 1802 3777 lllis
1866 3772 1870 3779 .

99 3806 236 3864 uxoribus
250 3821 350 3862 eorum
377 3809 406 3861 et
421 3805 519 3876 pueris
538 3803 700 3860 Jerusalem
717 3804 825 3860 reversi
840 3808 920 3860 eunt.
974 3820 1040 3860 vero
1057 3804 1265 3877 sinereepectu
1283 3805 1401 3874 periculi
1416 3807 1711 3878 vagantibue‚viginti
1723 3807 1800 3865 ruili-
1876 3840 1879 3845 ·

98 3894 218 3969 Cognita
234 3895 287 3951 hoc
311 3900 411 3965 strage
425 3893 609 3965 gravissime,
626 3897 688 3948 tota
710 3893 812 3949 civitae
828 3903 922 3949 Assur
975 3896 1018 3948 ies
1030 3893 1171 3949 continuo
1186 3895 1222 3949 ab
1240 3893 1354 3949 insidiis
1374 3896 1552 3952 etsocietate
1567 3896 1798 3955 Christianorum

97 3983 192 4041 dolore
205 3989 235 4041 et
248 3983 386 4040 lamentis
393 3991 540 4038 commota
554 3981 767 4038 estetuniversi
782 3981 812 4037 in
827 3997 861 4037 ea
872 3982 921 4038 ha·
973 3982 1095 4054 egressi,
1111 3982 1239 4054 predam
1268 3983 1397 4054 undique
1420 3990 1639 4056 contraxerunt,
1667 3987 1695 4043 vi
1708 3987 1810 4065 etlam·

98 4072 391 4144 litantes,·quisine
418 4072 560 4127 dilatione
583 4071 639 4141 regi
670 4069 835 4140 Babylonia
860 4075 920 4127 taru
974 4071 1797 4138 abducentes;sedmoxamilitibusdssurexcusssest.
1856 4116 1874 4123 --

96 4164 220 4221 erudelis
235 4162 320 4219 lemae
335 4167 365 4218 et
379 4160 479 4217 damni
495 4160 616 4215 nuutios
631 4160 783 4216 miserunt.
973 4162 1015 4217 Ad
1033 4160 1091 4218 hac
1105 4166 1167 4218 tcta
1183 4178 1290 4219 manus
1317 4163 1548 4221 Christianorum
1565 4181 1747 4240 consurgens
1760 4170 1798 4225 ab

95 4298 160 4355 Cas.
174 4295 211 4356 X.
230 4326 265 4339 -
281 4296 384 4353 ilitites
397 4293 488 4350 decem
501 4292 655 4349 Christiani
683 4291 803 4362 triqintu
815 4293 921 4365 equites

286 4364 436 4440 gentilium
450 4367 552 4437 suqcnt
574 4369 602 4420 et
615 4373 723 4421 necant.

125 4475 233 4534 Audite
249 4474 369 4547 quidem
384 4477 447 4530 tam
471 4471 582 4528 crudeli
600 4473 701 4528 nuntio
718 4471 851 4541 Manavia,
868 4467 955 4545 quill

93 4572 156 4638 post
172 4580 271 4637 regem
288 4563 435 4620 secundus
451 4561 720 4634 imparat,eicujus
734 4561 796 4619 voci
813 4576 916 4618 omnes

92 4656 168 4714 cives
180 4660 211 4712 et
221 4653 363 4710 universa
374 4652 506 4708 civitates
517 4652 553 4706 de
565 4667 653 4724 regno
669 4651 833 4725 Babylonia
850 4651 916 4706 obe·

92 4744 185 4810 diunt,
201 4742 338 4800 turbatus
352 4744 397 4797 est
424 4741 607 4797 veliementer
626 4739 783 4812 statimque
798 4747 914 4796 cautum

91 4835 203 4908 equites
218 4833 329 4889 Arabes
344 4835 374 4886 ei
387 4830 528 4886 ducentos
540 4834 667 4902 azopari
675 4828 791 4885 mittere
805 4845 837 4885 se
849 4844 914 4901 pro·

92 4917 578 4980 misitedsubveniendumcivibus
590 4920 748 4991 urbemque
760 4919 912 4975 tuendam:

91 5011 243 5070 nonenim
259 5026 366 5084 passus
394 5013 438 5066 est
463 5009 499 5064 ad
529 5023 615 5064 sures
631 5007 743 5063 domini
768 5007 844 5080 regis
859 5013 915 5065 Ba-

89 5103 211 5178 bylonia
225 5098 426 5158 ammirabilis
439 5097 806 5171 tamgravemlegationem
817 5115 915 5170 perve-

89 5196 201 5261 uire,ne
215 5208 265 5249 cor
279 5190 345 5262 ejus
361 5188 485 5246 nimium
501 5189 841 5262 gravareturiuielleclo
859 5193 912 5247 hcc

88 5281 242 5351 solemius,
257 5280 334 5353 quod
353 5278 524 5351 premiserat
541 5276 804 5344 Meravis‚multum
819 5293 911 5351 gavisi

88 5376 157 5430 sunt
167 5370 247 5428 cives
260 5371 395 5438 desumet
408 5367 444 5423 ab
459 5366 509 5421 illo
524 5366 571 5423 die
586 5367 679 5440 portis
692 5367 871 5440 apertis,ipsi
882 5370 912 5424 st

87 5461 185 5519 orunie
200 5462 440 5517 armentesecure
449 5457 479 5512 iu
490 5473 573 5525 agros
584 5456 911 5529 precedebani‚eednuu

86 5552 187 5613 umen
197 5545 284 5624 leuge
297 5545 335 5608 ab
348 5542 546 5607 ushe.Deinde
560 5548 624 5604 ocio
639 5543 743 5605 diebus
752 5545 910 5607 transactis

973 4249 1090 4308 insidiis
1101 4251 1534 4320 fortiteraseilierunt3milites
1545 4260 1798 4330 quoquehrabum
1887 4287 1889 4291 ·

972 4342 1002 4394 et
1015 4341 1136 4412 Aaopati
1151 4356 1314 4412 omnesque
1321 4343 1432 4414 pedites
1443 4342 1560 4401 iliorum
1577 4344 1656 4404 idem
1668 4347 1800 4405 lecerunt

972 4433 1001 4485 et
1014 4429 1151 4501 utrinque
1165 4445 1253 4502 grave
1263 4433 1454 4489 commissum
1467 4438 1512 4490 eet
1527 4434 1797 4506 praliumlandem

971 4516 1131 4574 Christiani
1153 4517 1354 4591 prevalentes,
1372 4519 1529 4593 plurimum
1552 4534 1662 4592 partem
1678 4522 1796 4580 illorum

971 4607 1142 4664 oeciderunt
1172 4609 1357 4681 predamque
1387 4611 1546 4667 retinentes
1571 4611 1798 4684 complurimis

970 4696 1055 4768 equis
1069 4702 1099 4754 et
1112 4697 1205 4771 captis
1221 4697 1330 4755 ibidem
1347 4698 1489 4756 militibus
1501 4701 1531 4756 in
1546 4700 1638 4773 gloria
1652 4707 1681 4759 et
1690 4703 1800 4774 jucun·

971 4785 1061 4843 ditate
1075 4786 1242 4844 Jerusalem
1254 4786 1361 4844 reversi
1373 4787 1578 4844 eunt.llesidui
1588 4795 1682 4846 sutem
1699 4791 1798 4851 Sarra·

969 4874 1045 4945 ceni,
1060 4875 1110 4948 qui
1127 4876 1211 4948 pauci
1227 4876 1273 4932 vix
1296 4880 1460 4945 evaserant,
1477 4893 1545 4932 cum
1570 4880 1646 4934 lama
1661 4876 1796 4938 luctuosa

971 4964 1159 5038 Babyloniam
1173 4964 1278 5021 reversi
1302 4969 1383 5031 sunt,
1398 4970 1427 5020 et
1442 4966 1518 5038 regis
1530 4966 1601 5022 iram
1619 4967 1797 5041 babylonia·

969 5071 1096 5127 rumque
1108 5059 1218 5110 metum
1235 5053 1390 5110 adauxisse
1405 5053 1479 5109 nulli
1504 5055 1628 5113 dubium
1642 5058 1794 5119 habeatur.

968 5145 1029 5201 Dux
1041 5144 1167 5214 denique
1178 5141 1352 5198 chelridue
1363 5143 1399 5198 de
1408 5152 1657 5214 prosperoeventu
1673 5165 1795 5208 suorum

877 5278 883 5290 .
904 5277 911 5290 .
970 5250 1027 5291 nou
1044 5236 1079 5290 ad
1097 5230 1373 5288 modicumlateiue
1388 5238 1443 5289 est.

966 5364 1108 5423 Camilli.
1125 5391 1160 5404 -
1183 5365 1270 5419 Assur
1294 5362 1393 5420 cicilcs
1419 5371 1497 5436 lecta
1519 5370 1561 5424 est
1581 5369 1742 5445 tributarie,
1768 5381 1797 5434 tt

1232 5436 1318 5508 ioppe
1338 5438 1526 5496 instauratur.

1001 5545 1049 5606 Sic
1063 5541 1186 5604 tandem
1201 5541 1305 5605 civitas
1319 5550 1413 5606 assur
1428 5548 1515 5609 tudio
1530 5549 1701 5624 affectasse
1715 5552 1794 5630 regis
