3796 6000
10 346 23 387 Ι
59 261 139 327 1lll
537 255 640 320 USUS
660 248 820 317 ouurrtls
839 249 1016 315 clerano.
1036 282 1077 301 ··-
1097 251 1212 316 Papa.
1235 252 1292 317 111.
1687 254 1768 319 {dli

10 438 17 479 ,
59 396 106 455 cis
119 394 237 463 diebus,
253 392 290 451 ad
305 391 446 465 vesperas
461 391 541 449 omni
560 392 693 464 tempore
707 387 743 445 ad
757 385 883 460 primum
899 398 927 467 Α
941 403 1055 453 omnes.
1071 404 1129 460 quo
1144 387 1223 446 dioto
1239 387 1392 445 inclinent.
1407 385 1482 445 Nam
1492 386 1529 443 ad
1541 389 1661 444 ostem
1677 387 1766 449 boras

10 530 21 571 ,
60 484 224 545 ettertium
242 482 388 556 psalmum
412 486 538 552 stamus,
557 482 636 539 etad
665 483 784 536 ceteros
799 476 883 534 eede-
945 495 1003 535 ncn
1033 484 1169 550 surgunt,
1193 477 1249 534 nisi
1267 481 1333 549 post
1361 483 1415 534 treo
1439 479 1556 549 prutina,
1584 483 1704 549 excepto
1727 481 1764 537 ad

10 624 19 663 ι
61 591 143 633 mue.
167 573 293 631 Gavaant
314 576 412 629 actem
432 572 484 643 qui
513 571 550 628 rte
572 569 662 627 choro
683 566 883 641 egrediuntur,
938 569 1092 642 Vesperaa.
1108 568 1138 626 si
1162 569 1312 625 [lominica
1327 567 1423 638 tuerit,
1436 567 1618 624 stentversis
1633 566 1765 626 vultibus

10 716 13 741 ,
59 680 99 722 ne
123 663 189 736 plus
218 662 288 720 ioris
308 678 394 736 quaro
422 661 497 719 duos
524 659 655 733 psalmos
679 662 842 725 morentur,
858 663 885 711 et
940 659 975 714 ad
994 658 1098 727 altare,
1126 658 1219 715 donec
1250 656 1466 714 henedictiones
1492 656 1653 730 (dttsupcr
1678 673 1765 717 cocos
1878 700 1882 709 .

10 744 13 753 ’
58 770 99 813 ne
123 753 251 826 emplius
279 768 369 825 quam
398 752 456 808 duo
480 750 567 823 J'uxta
594 765 626 807 ss
654 752 766 805 stantes
794 743 884 803 simul
940 748 1158 822 compleantur:
1174 748 1291 821 quodsi
1307 747 1766 815 datcommeuroratio‚stentita

60 826 176 904 exeant.
943 839 1087 910 usquead
1105 837 1228 906 oremus,
1245 841 1275 894 et
1295 844 1366 894 tunc
1380 836 1527 895 resideant
1541 853 1630 911 super
1655 838 1766 898 mireri-

96 937 148 1003 Qui
163 936 263 991 cantat
285 931 524 1006 hesponsorium,
546 934 705 1002 eumquam
720 924 792 983 illud
809 924 884 982 inci·
942 928 1062 998 cordiae,
1083 945 1137 986 nec
1151 938 1273 1001 surgant
1289 927 1346 985 nisi
1364 934 1430 1002 post
1443 929 1496 985 lieo
1509 931 1626 1000 proiice.

58 1025 123 1099 pict
136 1022 267 1088 inclinet,
281 1027 310 1081 ot
338 1026 403 1094 post
416 1036 534 1078 versum
558 1019 666 1076 iterum
692 1016 822 1073 inclinet.
839 1015 883 1071 hd
977 1019 1008 1074 ln
1025 1017 1121 1075 bieme
1135 1017 1159 1074 ei
1176 1016 1238 1074 dies
1262 1018 1370 1075 inbonis
1393 1016 1480 1074 simul
1497 1023 1527 1075 el
1541 1017 1648 1089 jejunii
1664 1018 1763 1087 luerit,

58 1114 146 1186 cujus
174 1110 376 1186 repetitionem
402 1114 494 1167 venat
512 1125 544 1166 se
557 1107 666 1165 oborus
694 1105 729 1163 ad
746 1105 882 1162 invicem.
940 1123 1081 1181 responso
1097 1108 1181 1164 lmen
1196 1108 1294 1164 statim
1311 1109 1509 1181 subsequatur
1523 1110 1637 1165 Primus
1654 1109 1764 1166 sinau-

59 1211 92 1269 et
114 1206 309 1266 lucitotorium
324 1200 409 1257 luerit
423 1199 453 1255 in
477 1200 577 1255 dextro
593 1196 692 1261 choro.
708 1199 811 1252 centor
833 1193 884 1249 in·
940 1205 1008 1264 tem,
1025 1205 1089 1270 post
1106 1198 1157 1253 lieo
1171 1198 1282 1267 protior
1296 1196 1439 1253 inclinent
1453 1205 1483 1252 et
1496 1206 1607 1254 exeant.
1619 1198 1701 1255 'l'uno
1715 1215 1764 1256 sa·

10 1288 12 1305 '
60 1298 154 1370 cipiet
172 1295 297 1369 hymnos
311 1291 449 1347 ⁰m⁰ibt¹⁸
472 1287 554 1344 i⁰⁸ii⁸
572 1285 687 1354 ditbt'b
703 1289 763 1340 itm
783 1283 820 1339 bd
836 1280 883 1338 Vi·
939 1287 1028 1344 criste
1044 1287 1143 1359 pulset
1154 1287 1267 1342 modice
1282 1286 1412 1358 signum,
1423 1285 1448 1343 ai
1464 1285 1526 1342 dies
1543 1287 1631 1343 luerit
1642 1306 1650 1357 ς
1662 1287 1766 1344 sinon·

61 1386 149 1461 gilius
174 1399 264 1457 quam
286 1381 323 1438 ad
343 1385 463 1436 ceteras
488 1377 586 1442 horas,
602 1378 721 1447 excepta
743 1372 831 1430 Sexte
855 1371 886 1427 et
939 1374 1010 1430 dum
1026 1374 1205 1446 apparuerit,
1222 1390 1279 1430 non
1298 1373 1515 1447 pulsetureaed
1531 1374 1767 1433 interimtratres
1876 1432 1879 1439 ,

60 1478 154 1544 Noua,
170 1490 245 1548 quos
270 1471 384 1529 inchoet
400 1468 451 1542 qui
474 1469 549 1525 solet
570 1465 693 1539 privatis
719 1462 823 1520 diebus
836 1462 884 1519 in·
938 1465 1061 1521 sedeant
1075 1464 1104 1519 in
1120 1463 1248 1519 claustro
1260 1463 1296 1519 ed
1312 1462 1411 1525 lumen
1423 1479 1578 1520 accensum
1593 1478 1612 1520 a
1626 1465 1766 1521 servitore

63 1567 170 1638 cipere.
186 1563 215 1621 si
235 1571 336 1619 centur
357 1558 494 1626 deluerit,
510 1556 560 1612 ille
583 1554 630 1612 cui
658 1553 825 1626 injunctum
840 1557 885 1611 est
939 1552 1079 1619 ecclesie,
1095 1553 1146 1609 sed
1177 1568 1234 1609 non
1261 1552 1368 1624 legent.
1384 1553 1515 1623 Cumque
1538 1552 1602 1609 diss
1616 1551 1765 1617 claruerit.

64 1654 229 1713 Berredictus
248 1656 277 1708 et
299 1649 458 1720 Nopniptcot
478 1647 639 1719 imponere.
670 1647 702 1700 ln
723 1641 843 1700 sinistro
858 1641 883 1700 ai
940 1642 1205 1716 pulsetursignum
1219 1639 1765 1714 modioesttiatintervallum,utqul

62 1744 152 1803 luerit
166 1748 320 1799 succentor
350 1737 491 1811 incipiat;
506 1737 557 1810 qui
580 1736 605 1793 si
620 1735 757 1801 deluerit,
772 1733 821 1790 ille
835 1732 882 1790 cui
939 1733 1083 1789 coluerint
1098 1730 1211 1805 possint
1225 1746 1257 1787 ae
1272 1730 1407 1801 calciare,
1421 1730 1466 1785 vel
1482 1730 1518 1784 ad
1535 1745 1683 1786 secessum
1700 1730 1764 1789 iret

60 1835 229 1907 injunctum
241 1835 286 1888 eat
300 1827 468 1902 supradicta
483 1825 596 1883 cantica
610 1824 747 1897 incipere.
759 1821 884 1880 Privatis
898 1794 922 1861 Β
936 1825 988 1879 aut
1001 1821 1188 1878 infirmitates
1203 1830 1359 1889 remutare,
1375 1823 1426 1875 eut
1453 1835 1560 1876 manus
1587 1818 1719 1888 abluere,
1735 1830 1765 1875 et

58 1939 127 1981 aero
137 1923 242 1980 diebus
252 1924 311 1976 tarn
323 1919 359 1976 ad
374 1915 495 1991 vigilias
506 1930 595 1989 quam
610 1913 647 1970 ad
662 1921 781 1971 caeterea
795 1911 882 1969 boras
937 1910 988 1984 qul
999 1909 1122 1967 voluerit
1137 1908 1277 1981 poteritis
1294 1906 1423 1964 claustro
1439 1908 1551 1964 sedare.
1573 1907 1761 1964 Revertentes

61 2014 133 2080 dici,
149 2012 196 2068 ille
212 2007 486 2084 hymnosirrcboere
497 2006 594 2075 debet,
610 2004 661 2077 qui
677 2001 824 2075 psalmum
839 2001 883 2058 iu·
936 2002 972 2057 ad
995 2001 1123 2057 Primum
1140 2003 1343 2072 aspergentes
1358 2013 1435 2069 aqua
1461 1996 1625 2062 benedicta,
1641 2000 1762 2069 excepta

62 2103 145 2176 cipit,
161 2102 279 2175 quando
293 2096 542 2155 hebdomadarius
556 2094 659 2167 incipit
673 2092 881 2166 Antiphonem.
937 2089 1098 2156 Dominica,
1114 2093 1144 2145 al
1158 2093 1234 2145 stent
1248 2089 1279 2144 in
1294 2086 1390 2143 stallis
1403 2086 1465 2143 auis
1476 2086 1569 2142 donec
1581 2100 1700 2157 signum
1714 2101 1761 2143 re·

64 2193 149 2250 omni
165 2201 297 2264 tempore
311 2193 408 2245 autem
437 2186 606 2260 quicunque
621 2183 747 2258 hymnos
768 2182 882 2256 incipit,
937 2183 1064 2247 maneat,
1079 2184 1108 2235 et
1130 2182 1201 2234 tunc
1221 2176 1329 2233 iaciant
1342 2176 1475 2232 eamdem
1494 2175 1654 2231 orationem
1670 2188 1760 2246 quam

64 2287 120 2339 stet
135 2290 266 2338 semotus
285 2296 302 2335 a
323 2279 420 2351 podio.
446 2276 489 2333 ud
512 2276 597 2350 llyrie
618 2275 721 2331 eleison
738 2271 882 2330 resideant
937 2267 1105 2341 advigilias
1122 2269 1303 2336 lecerunt‚el
1316 2265 1418 2322 eodem
1431 2264 1756 2322 modooantstsPrima

61 2391 151 2450 super
164 2372 367 2431 misericordius
384 2372 460 2428 sicut
473 2370 510 2426 ac
525 2374 641 2426 castoras
655 2366 753 2425 borsa.
765 2365 882 2422 llebdo·
937 2365 1077 2432 sequatur
1089 2356 1188 2414 missa.

63 2464 194 2523 maderio
209 2464 367 2537 incipiente
377 2460 573 2519 benectcamur
582 2458 708 2525 Domino.
723 2455 836 2530 erigant
851 2469 884 2512 se

834 2642 989 2654 u*

705 2830 862 2927 PARS
896 2829 1132 2926 TERTIA.

503 3059 546 3121 De
563 3057 674 3120 ritibus
689 3058 720 3119 in
731 3054 887 3119 exercitiis
902 3054 1099 3136 regularibus
1112 3053 1328 3117 observandis.

358 3241 477 3302 CAPUT
494 3243 576 3302 LXX.
900 3244 923 3313 c
939 3242 1104 3297 t’retr'oeoiu
1115 3240 1393 3312 recommemorent,
1405 3240 1764 3301 sacerdotehebdomada·

264 3335 301 3392 De
311 3333 433 3409 capitulo
448 3339 474 3391 et
489 3335 671 3406 consessione.
935 3334 977 3390 rio
991 3333 1157 3406 incipiente.
1171 3332 1223 3398 Qui
1234 3333 1304 3389 dum
1320 3334 1426 3391 dixerit
1439 3333 1531 3391 Gloria
1544 3334 1623 3392 Patri
1636 3344 1662 3393 et
1675 3336 1759 3407 Filio,

93 3424 162 3482 Post
176 3423 296 3483 missam
309 3424 513 3483 matutinalem
524 3424 645 3482 sacrista
657 3424 752 3497 pulset
762 3424 880 3498 signum
934 3426 1159 3497 prosternantur
1173 3438 1262 3495 super
1283 3422 1369 3479 sedes
1390 3423 1565 3494 superiores,
1590 3429 1641 3481 aut
1662 3426 1764 3483 incur·

59 3516 96 3572 ad
112 3514 331 3573 convocandum
349 3516 451 3572 tratres
462 3515 491 3571 in
506 3512 668 3587 capitulum
684 3515 758 3587 (63);
773 3529 826 3572 uec
840 3513 882 3571 di·
932 3518 1039 3571 ventur
1053 3529 1143 3584 super
1157 3528 1252 3584 genua
1263 3513 1426 3569 meandum
1442 3518 1558 3586 tempus
1573 3515 1706 3573 dicentes
1721 3516 1762 3573 ai·

59 3604 881 3663 mittatilluddonoodatasitbenedictioAEratrcsautem
935 3603 996 3660 mul
1011 3603 1095 3676 llyrie
1108 3601 1224 3660 eleison.
1243 3601 1287 3658 llll
1305 3608 1402 3660 aalma
1419 3602 1470 3676 qui
1486 3605 1589 3661 sedent
1599 3605 1685 3676 juxta
1706 3605 1758 3663 ln·

60 3693 159 3752 audito
172 3694 257 3766 signo
277 3693 450 3751 conveniant
465 3694 495 3749 in
517 3693 690 3766 capitulum,
705 3693 881 3753 inclinantes
933 3709 1068 3766 gressum
1084 3693 1216 3766 capituli,
1242 3692 1310 3748 bino
1324 3701 1351 3748 et
1367 3692 1450 3760 inde,
1476 3698 1663 3766 prosternant
1679 3711 1712 3752 sc
1726 3698 1762 3753 ad

58 3789 126 3842 ante
149 3784 234 3840 aedos
262 3800 341 3840 suas.
370 3784 403 3841 cr
426 3799 493 3840 cum
516 3784 656 3849 sederint,
670 3783 826 3841 humilient
849 3801 881 3842 se
933 3786 1040 3839 terram
1057 3780 1309 3839 rerauscriantcm
1323 3782 1455 3849 3incurvi
1473 3799 1543 3839 vero
1558 3783 1618 3840 siut
1632 3784 1709 3839 sicut
1722 3783 1765 3840 illi

58 3878 171 3930 mutuo.
188 3873 326 3930 Veniente
341 3889 407 3930 vero
423 3873 528 3930 abbate
543 3873 586 3930 vel
602 3873 734 3947 quolibet
747 3874 804 3931 alio
828 3874 881 3947 qai
933 3871 984 3943 qui
999 3876 1066 3926 sunt
1081 3870 1110 3924 in
1126 3869 1195 3925 sude
1211 3869 1325 3926 abbatis
1335 3884 1343 3927 ε
1355 3869 1455 3926 ceteri
1466 3880 1562 3928 autem
1572 3872 1764 3929 incurventur

60 3961 222 4035 capitulum
238 3967 336 4019 tencre
352 3963 447 4031 debet,
461 3961 487 4019 el
507 3978 610 4020 omncs
623 3969 781 4037 assurgant
796 3964 880 4021 iacli·
933 3977 967 4018 en
981 3958 1113 4015 adverso.
1132 3957 1161 4013 lit
1186 3956 1303 4030 quando
1330 3959 1468 4015 sacerdos
1491 3959 1598 4016 dixerit
1613 3962 1645 4016 Et
1659 3978 1695 4015 ue
1710 3977 1760 4019 noe

60 4052 881 4127 nonbstantumobbatitranseuati‚coquesedentereei·
934 4047 1049 4105 inducor
1068 4047 1098 4105 r'u
1114 4048 1291 4103 waldonem
1318 4047 1479 4118 erissflssiflb
1497 4049 1589 4105 d⁰¹¹⁶⁰
1619 4050 1758 4107 ⁸⁸0⁰&oe

59 4141 157 4197 deant.
173 4140 229 4197 Sed
242 4141 291 4197 illc
301 4140 442 4214 quijuxta
458 4143 592 4199 abbatem
608 4159 744 4201 sessurus
759 4148 816 4212 ast,
827 4147 882 4202 bu·
933 4139 1012 4196 dicat
1026 4137 1150 4210 uirtpm
1175 4148 1201 4194 et
1212 4135 1396 4210 sanctificare,
1411 4142 1442 4196 et
1457 4148 1528 4195 tunc
1554 4141 1758 4201 incurvantur.

59 4227 151 4284 miliat
161 4244 193 4285 aa
204 4228 349 4302 prolunde
363 4228 399 4286 de
414 4228 477 4287 lcoo
492 4245 546 4288 suo
556 4246 659 4288 versus
673 4231 881 4299 abbatem,neo
932 4232 1000 4295 Qus
1015 4227 1177 4285 incursatio
1188 4227 1240 4284 tint
1248 4226 1397 4301 equaliter
1405 4229 1486 4286 omni
1499 4234 1642 4302 tempore.
1655 4233 1762 4288 Lector

57 4318 157 4373 tomen
173 4333 262 4389 super
272 4332 369 4390 genus
380 4315 424 4373 vel
441 4316 590 4388 articulos,
601 4324 630 4376 et
644 4318 686 4375 sio
702 4319 838 4378 resideat.
849 4325 882 4376 tlt
934 4334 1051 4393 quoquc
1065 4317 1106 4374 ita
1121 4333 1153 4374 se
1167 4317 1299 4374 incurvet
1313 4316 1356 4374 vel
1381 4323 1547 4390 prosternat
1576 4325 1644 4377 ante
1658 4320 1760 4377 analo·

57 4406 99 4462 ita
115 4405 240 4462 iaciatin
255 4405 534 4479 omnihuslociroui
547 4406 632 4480 juxta
646 4423 714 4464 eum
724 4410 824 4467 sedere
836 4426 882 4466 vo·
932 4410 1025 4483 glum,
1040 4408 1118 4464 sicut
1132 4406 1175 4463 illi
1191 4406 1241 4481 qui
1257 4410 1328 4464 sunt
1347 4411 1432 4480 juxta
1447 4408 1614 4482 ingressum
1629 4410 1759 4481 capituli.

57 4494 156 4564 luerit,
168 4499 287 4568 excepto
299 4496 330 4552 in
343 4495 477 4554 ecclesia.
489 4496 560 4554 llam
574 4512 626 4555 uec
636 4498 740 4555 tratres
752 4499 783 4556 in
794 4500 882 4557 eccle-
933 4498 1016 4556 Dicto
1038 4503 1136 4555 autem
1156 4497 1210 4567 Qui
1224 4497 1291 4573 [ecit
1304 4498 1401 4554 colum
1425 4502 1452 4554 et
1473 4503 1578 4555 terrum
1602 4498 1760 4570 resideant,

57 4585 101 4640 sia
121 4583 367 4657 sibisuppticant,
383 4586 529 4659 nequead
546 4602 675 4657 mensas,
692 4589 742 4645 sed
757 4605 809 4647 neo
829 4606 880 4647 no·
897 4588 977 4696 1,its
999 4594 1099 4645 tamen
1120 4594 1153 4644 ut
1174 4586 1257 4659 prius
1271 4587 1401 4644 assideat
1423 4587 1472 4658 oui
1489 4590 1570 4644 terret
1584 4587 1761 4660 capitulum.
1872 4610 1878 4619 .

57 4676 162 4729 cturno
174 4678 309 4746 tempore.
319 4673 489 4731 laetorvero
500 4674 693 4734 ueniensante
702 4677 881 4752 analogium,
936 4678 988 4744 Qui
1000 4678 1071 4735 dum
1082 4677 1255 4747 resederint,
1270 4693 1328 4734 nou
1343 4676 1495 4734 humilient
1508 4678 1672 4735 seinvicem
1685 4677 1762 4735 sicut

58 4765 170 4833 aperiat
181 4761 458 4820 librumetincliuet
469 4764 547 4821 acad
558 4765 800 4826 benedictionem.
815 4772 883 4826 Post
938 4769 1030 4842 prius.
1047 4772 1204 4840 Postquam
1220 4783 1322 4824 omnes
1339 4767 1511 4836 resederint,
1525 4767 1648 4840 incipiat
1671 4766 1760 4825 lector

60 4850 187 4923 primam
204 4851 358 4909 lectionem
371 4868 428 4908 uon
439 4853 517 4911 dicat
527 4854 564 4911 Tu
576 4858 679 4924 ouum,
691 4857 814 4926 Domine,
830 4858 881 4916 aed
937 4858 1089 4917 lectionem
1101 4858 1137 4913 de
1148 4855 1268 4930 Regula.
1282 4859 1344 4924 Qua
1360 4856 1443 4914 linita
1457 4858 1535 4915 diest
1545 4859 1582 4914 lu
1592 4861 1695 4928 cutem,
1706 4858 1758 4915 Do·

59 4944 214 5012 postquam
232 4939 561 5012 perdixericcrcticrum
574 4943 763 5015 plurimorum
776 4951 882 5003 mucio·
935 4952 1063 5007 minoret
1079 4946 1225 5019 accipiens
1240 4946 1371 5003 tabulam
1389 4947 1466 5020 legat
1476 4948 1562 5005 brcre
1576 4948 1645 5021 (dli,
1660 4948 1685 5004 si
1697 4947 1762 5021 ipso

56 5045 121 5084 rum
140 5035 263 5102 surgant
279 5030 394 5099 iratres,
410 5036 439 5087 et
453 5037 565 5089 venant
580 5048 611 5089 se
626 5034 662 5090 sd
677 5035 819 5093 orientem
835 5036 881 5094 di·
937 5037 1147 5110 dielegendum
1160 5035 1257 5091 luerit.
1266 5033 1346 5099 Quod
1359 5035 1384 5091 si
1398 5036 1536 5109 subprior
1544 5036 1707 5110 capitulum
1716 5042 1760 5094 te·

58 5123 156 5175 centes
171 5134 287 5176 versum
304 5118 354 5191 qui
377 5119 408 5176 in
430 5120 608 5179 collectaneo
633 5123 768 5193 babetur,
786 5123 816 5182 id
839 5130 884 5183 est
937 5131 996 5199 nat,
1012 5131 1040 5182 et
1054 5127 1105 5198 qui
1120 5123 1190 5195 legit
1205 5123 1286 5198 prior
1299 5124 1394 5197 ipsius
1405 5125 1503 5196 tuerit,
1514 5125 1617 5183 sieum
1630 5142 1760 5200 proauu-

94 5280 152 5352 (02)
167 5278 380 5338 benedictiones.
405 5280 446 5366 De
470 5281 516 5366 his
541 5282 794 5368 benedictionibus
817 5289 881 5347 rirls
937 5288 1035 5361 ibique
1048 5284 1165 5360 publice
1181 5285 1318 5343 delictum
1339 5303 1426 5344 suoru
1447 5288 1568 5362 prodero
1594 5305 1627 5347 ac
1643 5306 1758 5362 prauam

58 5368 123 5425 cop.
140 5352 184 5407 35.
202 5351 316 5436 lteg.8.
335 5354 490 5422 benedicti,
507 5360 536 5411 et
553 5356 641 5427 hujus
657 5355 724 5414 lrbri
738 5374 802 5431 cap.
818 5361 881 5421 t08.
936 5360 990 5419 sibi
1009 5358 1167 5430 iniunctam
1179 5359 1286 5415 subire.

93 5424 149 5494 (63)
164 5425 196 5480 le
212 5440 245 5479 ru
265 5426 385 5484 ctutum:
399 5425 436 5482 da
461 5425 515 5483 boc
530 5427 656 5501 capitolo
672 5428 882 5517 intelligendus
952 5431 1120 5516 'ldtllepot
1131 5431 1220 5493 breue.
1235 5431 1264 5515 id
1276 5443 1322 5488 esc
1336 5430 1508 5488 schedulam
1519 5432 1759 5515 nominauttlcia·

58 5497 881 5648 ifilqtlll⁰203:rqu‘cgpjsbssezuuegtilecgtglgcagptwrlrrvgpirrron
936 5520 1046 5561 nurum
1063 5503 1269 5574 subsequentrs
1285 5502 1475 5561 hebdomada
1487 5510 1698 5567 contraeutem.

871 5618 880 5650 t
