3796 6000
166 250 245 318 idid
787 237 987 305 DROGONIS
1006 238 1241 305 ctuuttttcts
1813 229 1878 296 teu

162 401 229 447 com
241 383 360 457 quidem
377 398 460 439 soror
472 381 537 454 elus
551 379 664 438 tlsrtbe
676 381 823 451 satageret
837 378 915 435 eirca
930 377 987 434 tre·
1002 378 1031 447 A
1044 375 1110 433 ideo
1124 394 1182 435 non
1198 375 1310 435 credis:
1323 377 1399 450 quod
1412 372 1491 434 enlm
1506 373 1631 445 videtur,
1648 389 1710 433 non
1728 372 1870 433 creditur.

162 490 255 549 quens
273 472 482 529 ministerium.
497 470 572 538 Ouid
592 485 750 527 memorem
775 469 810 526 de
829 466 986 540 sepulture
1043 466 1133 524 Deum
1149 484 1207 523 non
1220 467 1311 538 vides,
1323 466 1873 539 credeetridebis,oredendometae·

161 564 349 635 ollioioquod
367 561 576 635 prevenitrde
602 559 725 632 pedibus
756 557 918 615 ascendens
949 557 986 614 ad
1041 570 1101 628 ges,
1118 555 1195 612 sicut
1209 553 1260 612 illa
1276 554 1381 612 mulier
1395 554 1708 628 quercetimentimei
1723 554 1870 611 limbriaco

161 653 328 712 unctionem
344 651 460 724 eapitis,
475 667 542 707 cum
555 650 585 706 in
601 664 633 705 ea
654 650 791 705 tremeret
804 646 876 704 illud
888 646 984 703 averi-
1039 644 1146 717 tetigit,
1162 648 1191 702 et
1206 644 1360 701 confestim
1376 649 1479 702 senata
1494 647 1539 702 est
1552 643 1660 718 (torre.
1677 645 1747 717 rx);
1764 644 1871 717 queret

160 746 208 802 tire
224 742 390 816 sepulcrum
411 743 513 810 letone,
529 741 648 796 odorem
679 736 799 811 pietatis
827 738 902 793 terre
926 752 984 793 uon
1039 733 1110 807 quia
1125 733 1181 791 lide
1195 751 1251 791 sua
1264 734 1360 808 tetigit
1371 750 1427 792 me.
1445 740 1504 791 Hac
1525 751 1613 791 manu
1629 738 1723 806 tange
1749 750 1809 806 ms,
1827 735 1868 792 bis

159 833 310 893 sustinens
321 832 335 890 t
347 836 409 888 Non
427 831 521 903 potuit
535 846 618 886 amor
637 833 746 895 tentus,
763 826 879 884 Christo
895 827 982 883 etiam
1039 823 1238 898 oculisqoere
1249 824 1362 890 me‚bis
1374 825 1498 896 pedibus
1509 823 1757 881 lestinaourreus
1768 824 1806 880 ad
1819 841 1872 895 ms,

159 923 300 981 moriente
316 922 389 977 mori
400 938 407 977 ι
418 919 599 990 lugientibus
614 923 643 974 et
656 917 814 972 latentibus
829 914 900 973 viris
917 914 984 986 (boo
1038 930 1091 970 neo
1105 912 1190 987 louge
1201 930 1218 970 s
1228 919 1258 970 te
1272 931 1350 984 sum,
1366 919 1440 971 Deus
1455 915 1533 971 enim
1548 913 1803 989 appropinquans
1817 931 1867 989 ego

159 1017 205 1071 eet
224 1011 376 1085 apostolis)
393 1008 500 1066 mulier
515 1007 712 1080 imperterrita
726 1004 815 1061 stotot
830 1004 866 1061 od
882 1019 980 1061 mouu-
1037 1020 1116 1074 sum,
1131 1005 1252 1062 verbum
1269 1006 1298 1061 in
1312 1022 1361 1063 ore
1375 1011 1425 1062 tuo
1440 1013 1468 1062 et
1483 1005 1513 1061 iu
1529 1007 1681 1063 cordetuo
1698 1022 1784 1080 sum,
1800 1006 1867 1080 qnid

157 1113 289 1169 meritum,
305 1102 418 1174 plorous
433 1100 522 1171 (loon.
538 1099 595 1170 xx).
607 1098 669 1154 Non
686 1096 813 1153 babebat
828 1096 981 1162 visumst
1035 1095 1352 1169 propinquiushomini
1368 1112 1456 1168 quam
1473 1097 1641 1154 corsuumt
1652 1096 1720 1154 ittie
1731 1098 1869 1155 inlusio·

158 1195 473 1264 totaeupermortnnm
487 1188 736 1257 ardebatttorpus
747 1184 979 1255 eratsubletum,
1034 1186 1165 1243 veniere
1179 1186 1404 1259 quibuscunque
1420 1185 1562 1256 invenior,
1573 1203 1640 1243 nem
1657 1203 1728 1258 ques
1741 1187 1814 1243 ioris
1828 1188 1867 1243 vi·

157 1288 186 1339 et
201 1300 216 1339 e
233 1285 422 1338 mortimento
436 1277 570 1334 recedere
583 1294 641 1333 non
653 1275 787 1345 valebat3
803 1290 861 1347 quo
872 1273 981 1346 plusde
1038 1274 1154 1345 dentur,
1171 1291 1260 1348 opera
1275 1275 1393 1348 quidem
1422 1291 1487 1333 mea
1513 1281 1594 1347 sunt,
1607 1275 1663 1333 sed
1691 1276 1865 1334 transitoria

155 1372 293 1430 menibus
304 1369 432 1428 atoculis
443 1367 640 1432 auferebatur,
657 1381 689 1422 eo
701 1365 851 1421 ardentius
862 1363 981 1421 animus
1039 1369 1119 1431 sunt,
1136 1366 1188 1421 sed
1208 1365 1317 1422 ceduea
1333 1369 1413 1431 sunt,
1431 1379 1483 1438 ego
1499 1370 1609 1434 summ,
1626 1366 1740 1422 borum
1757 1366 1864 1433 artilex,

155 1461 376 1535 insequebatur.
388 1459 419 1516 si
436 1457 498 1514 lieri
510 1456 667 1530 potuisset,
681 1454 854 1510 redimendo
864 1451 977 1525 corpori
1036 1454 1066 1510 in
1084 1453 1290 1512 sacratissimis
1304 1460 1333 1512 st
1344 1454 1549 1513 mundissimis
1560 1455 1706 1512 cordibus
1722 1455 1861 1514 inhabito.

154 1554 325 1625 sepulcrum
342 1548 480 1622 lacrymis
495 1545 663 1619 implesset;
678 1545 779 1610 statut,
796 1543 903 1615 inquit,
917 1543 980 1614 pto-
1034 1544 1104 1601 licto
1120 1548 1159 1600 est
1171 1543 1237 1614 tibi,
1246 1544 1368 1601 Domine
1382 1544 1464 1613 lesu,
1476 1545 1565 1602 omnis
1578 1548 1702 1618 potestas
1717 1545 1751 1600 s'u
1763 1546 1827 1603 coeto
1839 1548 1863 1602 st

153 1657 234 1707 raus,
251 1640 279 1696 id
291 1639 384 1696 solum
396 1640 420 1695 ei
436 1639 509 1693 dete
520 1635 872 1706 residebat3corpuserst
882 1630 980 1688 subla·
1033 1634 1063 1690 iu
1078 1637 1153 1690 terra
1163 1635 1253 1706 (Ptol.
1268 1635 1341 1706 vrrs),
1359 1650 1408 1691 rer
1424 1651 1540 1707 magne,
1550 1651 1599 1693 rex
1607 1636 1780 1704 virtutum
1796 1636 1860 1709 qnia

154 1736 229 1799 tom,
238 1730 290 1787 sed
305 1729 372 1800 quis
382 1728 494 1784 euterat
504 1725 529 1782 ei
541 1720 835 1796 ploratumtlndulge
847 1721 977 1790 domine,
993 1747 1017 1815 B
1033 1724 1129 1781 laetus
1152 1739 1183 1780 es
1198 1723 1338 1780 obediens
1350 1723 1425 1781 Patri
1437 1740 1530 1796 usque
1540 1725 1575 1781 ad
1587 1728 1859 1793 mortem,mortem

152 1820 274 1890 indulge
283 1816 492 1883 totisbabenis,
507 1819 537 1870 et
546 1812 697 1870 attondere
708 1826 883 1882 procurrens
892 1810 922 1866 in
933 1809 979 1866 in·
1033 1818 1131 1869 sutem
1144 1813 1249 1870 crucis.
1261 1812 1333 1869 liceo
1347 1813 1453 1870 eleuata
1466 1821 1504 1870 est
1527 1814 1742 1887 uroquificsutto
1756 1819 1806 1871 tus
1818 1832 1859 1872 ss·

151 1902 977 1983 inligabileslncrymae‚doneosublatum,imoresnrgen·
1029 1919 1082 1976 per
1095 1903 1174 1960 cetos
1188 1905 1231 1974 (ll
1245 1904 1306 1974 ltep.
1333 1903 1378 1975 u).
1392 1907 1421 1960 et
1439 1902 1538 1960 omnia
1566 1902 1707 1977 subjecta
1720 1910 1793 1961 sunt
1808 1904 1858 1961 sub

152 2004 222 2063 tem,
234 1999 480 2056 Dominumtuum
497 1993 703 2067 consequaris;
715 1993 821 2048 iterum
831 1990 976 2049 etiterum
1031 1992 1155 2064 pedibus
1170 1992 1239 2050 tuis.
1256 1992 1397 2065 Regnavit
1417 1992 1507 2049 David
1523 1992 1603 2065 prius
1618 1993 1651 2052 io
1665 1994 1788 2052 Hebron
1817 2011 1858 2051 se-

150 2090 304 2157 inclinare,
320 2089 362 2146 rel
378 2088 472 2144 locum
488 2102 613 2143 vacuum
626 2083 675 2141 ubi
692 2083 804 2157 positus
816 2083 910 2139 luerat
924 2098 976 2138 se·
1031 2087 1111 2155 ptem
1123 2081 1433 2154 ennissuperJudam,
1443 2088 1543 2155 postea
1554 2099 1622 2140 vero
1634 2090 1746 2142 noctus
1756 2094 1856 2141 estsu-

150 2181 218 2255 pius
232 2179 346 2235 intuere
360 2196 367 2246 ;
380 2177 509 2250 amplius
520 2183 548 2232 et
559 2174 686 2247 emplius
697 2173 760 2245 ipse
771 2179 797 2230 te
808 2173 842 2228 ad
858 2171 975 2244 ploran·
1030 2187 1082 2244 per
1096 2173 1265 2229 universum
1281 2171 1382 2241 lsrael,
1395 2176 1423 2229 et
1438 2172 1569 2243 regnavit
1584 2174 1614 2229 in
1630 2174 1725 2230 lsrael
1739 2176 1857 2248 triginta

151 2272 223 2328 dum
237 2271 318 2326 locus
328 2270 434 2336 irritat,
444 2268 513 2323 dum
523 2267 587 2337 ejus
597 2281 682 2338 quem
695 2263 801 2335 queris
812 2260 974 2319 absentiam
1029 2262 1124 2319 tribus
1139 2262 1236 2319 aunis.
1247 2266 1321 2319 Cum
1337 2267 1435 2319 autem
1447 2263 1656 2335 super-ludam
1671 2268 1789 2320 tentum
1803 2281 1855 2320 un·

152 2361 207 2418 tibi
223 2363 388 2430 presentet.
405 2357 488 2422 Vidit,
504 2356 613 2428 inquit,
640 2352 707 2409 duos
729 2352 839 2424 oupetor
858 2352 887 2406 in
901 2349 975 2406 ollis
1028 2353 1148 2425 gereris,
1164 2352 1321 2409 fortissime
1336 2351 1439 2419 David,
1456 2352 1485 2408 in
1499 2352 1627 2417 Hebron,
1637 2353 1703 2425 jam
1722 2360 1852 2411 mortuos

152 2451 287 2518 sedentes,
298 2464 385 2504 uuum
395 2445 432 2501 od
441 2454 535 2517 caput,
544 2448 663 2499 etenum
674 2441 809 2512 adportes,
822 2439 871 2496 ubi
881 2438 975 2511 suerat
1027 2446 1089 2498 erat
1103 2441 1133 2497 in
1149 2441 1192 2498 eis
1206 2440 1275 2498 Saul
1288 2457 1339 2497 res
1348 2441 1490 2512 superbie
1503 2458 1510 2497 :
1523 2442 1654 2515 alioquin
1665 2443 1787 2500 visente
1796 2442 1853 2509 illo,

148 2538 268 2610 positum
283 2552 379 2606 eorpus
391 2537 474 2601 lesu3
489 2532 601 2598 mulier,
618 2529 767 2602 inquient,
781 2528 847 2601 quid
860 2527 974 2600 plores?
1026 2535 1055 2588 et
1069 2531 1239 2587 dominante
1253 2530 1296 2587 eis
1311 2535 1443 2604 peccato,
1458 2547 1517 2588 non
1533 2531 1665 2588 dicerent
1675 2532 1746 2598 tibi,
1763 2533 1798 2591 Os
1809 2548 1854 2590 eo-

150 2643 230 2701 quem
240 2627 362 2699 queris?
373 2622 464 2696 (itte.)
476 2622 619 2692 Equidem
630 2620 703 2676 bene
713 2619 869 2687 noveratis,
880 2618 973 2690 opiis·
1025 2627 1114 2678 strum
1128 2625 1155 2677 et
1167 2636 1230 2678 coro
1242 2628 1339 2678 uestro
1353 2636 1391 2678 ss.
1404 2622 1475 2689 Quis
1489 2619 1568 2676 enim
1583 2621 1757 2679 membrum
1774 2622 1852 2679 Cbri-

150 2717 218 2773 siml
229 2713 337 2787 ⁸¹1ssth
351 2712 421 2787 quid
435 2713 561 2783 ploraret
571 2714 694 2782 siquem
707 2713 850 2781 quereret
861 2727 869 2776 ;
881 2723 971 2780 quere
1026 2711 1074 2780 sti,
1091 2714 1122 2767 et
1136 2710 1303 2767 membrum
1318 2709 1408 2767 simul
1423 2715 1519 2782 potest
1532 2727 1597 2768 esse
1607 2712 1796 2769 meretricis?
1806 2721 1853 2769 out

149 2804 231 2861 illam
248 2801 506 2861 commemorando
521 2800 627 2855 iterum
645 2800 675 2854 in
698 2798 784 2854 lletus
798 2796 972 2853 excitastis?
1025 2815 1088 2873 quae
1101 2799 1400 2857 couventiodtristiod
1412 2799 1525 2856 ltstialt
1539 2803 1674 2857 Essenos
1691 2802 1852 2876 (inquiunt)

153 2897 211 2954 Sed
236 2911 324 2969 prope
339 2897 401 2950 erat
416 2894 570 2965 insperate
594 2888 802 2946 consolationis
816 2888 970 2960 gaudium,
1024 2906 1053 2947 os
1067 2897 1146 2947 tuum
1164 2898 1189 2946 st
1204 2904 1268 2946 coro
1283 2892 1331 2944 tuo
1354 2905 1447 2945 eremus
1462 2889 1497 2961 (tl
1513 2889 1575 2946 Cor.
1591 2890 1653 2960 vile
1669 2892 1723 2947 sed
1742 2896 1772 2947 et
1792 2892 1851 2948 beri

150 2987 216 3046 idco
231 2990 290 3041 tota
304 2984 347 3040 vis
363 2982 471 3039 doloris
492 2985 522 3036 et
546 2979 718 3054 plorationis
740 2981 882 3034 excurrat.
898 2976 967 3033 Cou-
1023 2985 1052 3038 et
1067 2981 1173 3037 nudius
1188 2980 1293 3036 tertius
1308 2996 1374 3036 cum
1389 2987 1466 3036 esset
1480 2978 1551 3037 Saul
1565 2996 1616 3036 rex
1631 2997 1724 3054 super
1740 2998 1806 3051 nos,
1820 2986 1849 3038 to

149 3092 228 3134 versa
238 3082 387 3131 retrorsum
401 3072 574 3129 vidittesum
585 3072 748 3135 stontem‚st
758 3065 894 3124 nesciebat
904 3067 970 3138 quia
1027 3086 1093 3126 erse
1108 3069 1236 3125 educens
1263 3075 1291 3124 st
1304 3069 1447 3125 reducens
1471 3067 1571 3134 lsrael,
1587 3073 1616 3124 et
1645 3085 1714 3126 uera
1730 3071 1774 3127 sis
1788 3076 1849 3127 est:

148 3168 227 3226 lesus
241 3167 280 3221 ert
293 3162 432 3236 (thieto
449 3161 541 3233 pium,
556 3175 573 3215 o
590 3156 760 3213 delectabile
776 3155 892 3228 pietatis
907 3169 970 3226 spe·
1026 3163 1166 3233 regnante
1177 3159 1272 3215 sdhno
1290 3157 1422 3231 principe
1429 3159 1618 3215 tenebrarum
1629 3175 1722 3232 super
1738 3177 1803 3229 nos,
1818 3166 1847 3216 to

148 3253 294 3313 otsculum
308 3253 314 3309 l
333 3253 398 3322 lpse
412 3249 463 3322 qui
482 3247 623 3321 quescitur
637 3254 664 3302 et
676 3245 869 3315 desideratur,
884 3250 913 3300 et
927 3260 972 3299 oo·
1026 3250 1155 3306 sustines
1169 3248 1199 3304 tn
1213 3245 1307 3304 multe
1321 3248 1463 3320 patientie
1476 3264 1545 3305 vasa
1556 3247 1606 3306 ipss
1617 3253 1689 3322 apta
1702 3251 1734 3306 in
1746 3251 1851 3307 ineest.

148 3344 241 3402 euitat
265 3358 296 3399 se
325 3344 354 3397 et
369 3340 586 3395 manifestetur:
599 3336 726 3392 occultat
736 3351 767 3392 se
779 3340 810 3391 ut
821 3333 971 3390 ardentius
1025 3348 1099 3408 tum,
1115 3343 1143 3395 et
1156 3338 1219 3396 exis
1234 3344 1301 3394 ante
1316 3354 1370 3395 nos
1397 3355 1554 3410 provocans
1569 3340 1604 3396 ed
1621 3339 1736 3398 bellum
1753 3347 1852 3400 00⁰1„

150 3434 328 3506 requiritur,
344 3429 547 3501 etrccubitus
577 3443 642 3483 cum
671 3426 778 3498 erudio
792 3422 969 3492 inveniatur,
1024 3431 1106 3498 vitta,
1121 3434 1150 3486 st
1164 3427 1627 3502 tiberseueuuctsindigentes
1641 3446 1736 3488 mann
1750 3449 1850 3506 pecca·

150 3523 288 3578 iuventus
302 3536 369 3576 curn
387 3517 586 3573 sollicitudine
601 3519 742 3582 teneatur,
755 3517 784 3569 et
797 3518 897 3568 tentus
912 3528 969 3568 non
1025 3523 1134 3578 torum.
1150 3518 1386 3590 ldoircoprimue
1397 3518 1604 3589 tudeeidest,
1614 3521 1778 3589 contrusio,
1795 3539 1847 3579 un.

150 3607 461 3675 dimittatur,doneoin
473 3604 635 3661 emorissni
646 3600 969 3659 cubiculomensionem
1025 3609 1067 3682 git
1082 3613 1108 3667 te
1123 3623 1210 3682 super
1232 3623 1264 3665 se
1279 3623 1376 3680 regem
1402 3609 1432 3664 in
1455 3608 1587 3679 Hebron;
1604 3615 1725 3668 mortuo
1740 3613 1848 3686 quippe

151 3702 281 3759 tacturus
296 3697 509 3755 introducetur.
526 3694 585 3750 llae
609 3697 670 3748 erte
685 3692 761 3748 ludit
781 3690 925 3765 sepientis
939 3691 968 3748 in
1025 3697 1121 3769 Saule,
1135 3696 1472 3754 beneficiorumtuorum
1489 3698 1702 3770 reminiscitur,
1718 3708 1757 3769 et,
1769 3717 1850 3759 erfo.

150 3791 219 3848 orbe
234 3793 390 3855 terrarum,
406 3790 435 3842 et
449 3783 559 3842 delicis
569 3784 633 3856 ejus
644 3798 708 3839 esse
723 3781 866 3838 onmfiliis
876 3781 968 3838 bomi·
1025 3803 1086 3844 rem
1101 3803 1188 3844 suum
1202 3786 1377 3853 condiendo,
1398 3786 1554 3845 transitum
1569 3787 1640 3845 lacit
1653 3789 1692 3847 de
1721 3791 1848 3865 peccetis

147 3895 230 3938 num.
246 3878 353 3940 Mulier.
366 3875 637 3949 quidplorcstqurm
650 3870 970 3944 queristlllrid.)bebes
1024 3878 1060 3934 ad
1076 3881 1116 3944 te,
1145 3891 1195 3933 rex
1217 3876 1360 3948 iustitie?
1375 3876 1490 3950 lisgnee
1505 3882 1604 3935 sutem
1620 3895 1713 3951 super
1739 3881 1849 3939 tndem

149 3985 234 4040 quem
249 3966 367 4041 queris,
378 3969 406 4021 et
421 3965 540 4037 ignores
550 3962 564 4018 t
576 3962 666 4019 habes
676 3976 775 4017 vorum
788 3965 815 4015 st
830 3964 968 4016 eternum
1024 3965 1231 4040 eeptemnnnis
1246 3965 1275 4020 tn
1289 3965 1563 4038 flentemquoniam
1571 3968 1672 4026 reddis
1686 3969 1732 4027 οἱς
1746 3975 1848 4044 septu.

148 4062 300 4133 gsudium,
317 4063 346 4116 et
361 4054 770 4133 plorastbabesintusquem
786 4052 970 4125 lorisrequi·
1025 4057 1105 4130 plum
1122 4055 1152 4112 in
1168 4057 1235 4113 sinu
1251 4071 1364 4124 eorum,
1380 4060 1410 4112 et
1427 4057 1597 4131 septuplum
1621 4059 1704 4116 vitiis
1719 4062 1849 4135 expletos

146 4149 187 4204 ris
199 4149 213 4203 t
226 4151 300 4203 Vere
315 4152 375 4203 stae
389 4146 425 4203 ad
436 4149 642 4202 mouumentum
656 4144 728 4213 toris
741 4143 854 4213 plerum
863 4141 968 4214 (leitila
1024 4145 1135 4218 quibus
1146 4150 1267 4217 preerat
1281 4144 1571 4217 superbusbaul,tue
1591 4148 1702 4206 virtute
1716 4155 1849 4223 septem.

147 4250 233 4291 ruens
246 4239 297 4290 tua
313 4241 536 4290 monumentum
554 4249 653 4290 meum
668 4236 722 4303 est,
739 4230 799 4287 illie
814 4246 872 4288 non
889 4247 969 4288 mor·
1023 4234 1091 4307 plici
1106 4235 1258 4291 reformas.
1275 4233 1380 4292 Postea
1394 4236 1539 4293 transitus
1553 4236 1636 4311 regni
1651 4240 1697 4295 tut
1712 4239 1745 4296 tlt
1762 4239 1794 4296 in
1807 4240 1852 4298 Je-

145 4328 227 4390 tuns,
243 4323 295 4380 sed
308 4322 336 4378 in
354 4330 493 4378 eternum
520 4321 620 4377 tivene
641 4320 802 4393 requiesco,
818 4336 902 4377 mens
917 4324 969 4378 tua
1023 4324 1151 4381 rusalem
1173 4339 1261 4397 super
1276 4322 1446 4380 uniuersum
1468 4324 1569 4396 lsrael,
1591 4327 1662 4399 qula
1682 4344 1736 4401 per
1762 4346 1851 4404 nego·

146 4413 248 4471 hortus
261 4427 345 4469 meus
360 4414 414 4468 est.
430 4411 506 4467 Bene
519 4409 694 4466 existimasti
710 4411 778 4481 quia
794 4409 969 4467 hortulanus
1023 4414 1095 4471 tium
1109 4413 1313 4480 consessionis,
1329 4413 1579 4486 illuminatislam
1594 4416 1736 4475 sensibus
1748 4435 1849 4492 perre-

145 4520 223 4570 sum,
237 4502 385 4560 secundus
401 4502 494 4558 edem
510 4515 562 4570 ego
576 4514 655 4568 sum,
671 4513 776 4571 operor
789 4515 856 4555 oum
872 4503 967 4557 custo-
980 4495 1006 4563 [l
1020 4503 1099 4560 nitor
1114 4502 1150 4559 sd
1164 4502 1307 4559 visionem
1323 4503 1414 4576 pacis,
1439 4503 1469 4560 in
1493 4518 1552 4575 qua
1574 4505 1669 4564 tactus
1694 4514 1740 4564 est
1755 4507 1851 4572 locus,

147 4593 195 4652 dio
209 4592 378 4667 paradisum
389 4606 500 4648 meum.
512 4589 610 4646 l'letus
622 4591 702 4658 tuus,
713 4586 807 4659 pietas
822 4591 884 4657 tua,
894 4589 967 4646 desi·
1022 4597 1051 4651 et
1064 4593 1127 4666 ipse
1142 4596 1188 4649 est
1201 4608 1286 4648 mons
1302 4608 1391 4664 quem
1409 4594 1606 4651 constitueras
1630 4593 1803 4670 discipulis,
1819 4604 1849 4656 ut

146 4681 259 4739 derium
275 4687 372 4749 tuum,
387 4697 462 4753 opus
477 4695 574 4738 meum
588 4682 653 4736 est:
669 4677 761 4735 babes
776 4693 823 4734 me
837 4676 966 4749 intrate,
1021 4683 1098 4740 irent
1114 4681 1144 4739 in
1159 4680 1321 4750 Galileam,
1346 4684 1380 4739 ut
1392 4682 1526 4740 viderent
1539 4688 1569 4741 et
1582 4685 1742 4742 adorarent
1757 4693 1787 4745 ts
1810 4687 1850 4745 ibi

143 4777 171 4829 et
186 4771 303 4842 nescis;
319 4770 502 4843 ideoqneris
513 4770 594 4837 loris,
609 4772 638 4824 et
652 4783 718 4825 ecce
732 4783 786 4841 ego
798 4767 967 4840 lorieeppa·
1021 4777 1087 4846 post
1108 4771 1350 4829 resurrectionem
1374 4776 1466 4843 tuem,
1488 4775 1558 4845 quia
1576 4773 1639 4846 jaro
1669 4782 1800 4834 unxerat
1822 4782 1849 4836 ts

143 4862 222 4928 ttbi),
239 4867 272 4917 1¹1
285 4863 314 4916 lt
333 4860 412 4916 inim
428 4860 576 4927 ¹⁰d¹¹⁰⁸¹¹¹2
591 4862 621 4916 ⁰2
635 4857 768 4914 inmiti
783 4857 862 4913 ῑῦῑῠθ
876 4873 965 4929 ‘luem
1019 4862 1098 4919 Deus
1112 4866 1182 4918 tuus
1197 4861 1260 4919 olco
1270 4860 1379 4918 letitie
1390 4877 1447 4933 pres
1464 4862 1656 4934 participibus
1672 4865 1745 4937 tuis,
1758 4867 1848 4925 istam

141 4952 215 5010 ioris
230 4952 347 5027 queris.
363 4951 463 5021 ilaris,
495 4950 560 5007 novi
575 4953 604 5006 te
619 4965 653 5005 ex
677 4948 806 5015 nomine,
822 4948 903 5006 disce
918 4964 966 5006 me
1019 4951 1145 5024 despicit
1159 4950 1433 5024 superabundantis
1447 4951 1558 5023 gratie,
1568 4953 1620 5009 sed
1636 4953 1728 5013 sibila
1742 4973 1848 5031 regum

139 5059 314 5116 cognoscere
322 5058 358 5100 ex
373 5041 439 5099 tide.
457 5037 591 5108 emeret,
606 5038 634 5095 id
650 5041 706 5106 est,
724 5038 868 5109 ltoptster:
885 5037 964 5109 quod
1018 5045 1112 5098 terre.
1129 5046 1217 5098 Porro
1236 5041 1267 5098 in
1287 5039 1452 5097 Jerusalem
1477 5056 1582 5114 regnae
1603 5042 1728 5115 triginta
1751 5048 1848 5106 trihus

139 5138 185 5192 est
199 5135 305 5203 dicere,
322 5134 393 5189 doce
403 5147 449 5187 me
462 5144 590 5204 querere
604 5132 642 5196 te,
654 5128 725 5183 doce
740 5143 788 5183 me
802 5131 921 5200 tangere
935 5132 964 5185 et
1018 5130 1124 5187 sonis:
1137 5129 1261 5203 triginta
1273 5133 1334 5186 tres
1349 5128 1437 5187 babet
1447 5130 1583 5198 decedas,
1598 5131 1644 5188 lex
1659 5149 1727 5206 ques
1743 5136 1847 5195 decem

139 5239 248 5297 engere
264 5229 302 5279 ta.
318 5222 391 5291 Noli,
407 5222 458 5287 eit,
470 5235 513 5277 ms
521 5223 633 5290 torpere
642 5216 721 5273 sicut
734 5216 897 5287 bominem,
909 5233 963 5275 neo
1018 5219 1172 5294 preceptis
1186 5218 1331 5286 consistit,
1347 5220 1376 5276 in
1392 5219 1520 5277 ternario
1530 5218 1637 5294 triplex
1650 5225 1762 5283 anime
1777 5244 1846 5300 pro·

139 5313 217 5370 dont
234 5312 316 5387 prius
330 5310 452 5384 tetigisti
478 5314 507 5367 et
528 5307 637 5366 unxisti
653 5302 824 5362 mortalem:
839 5308 963 5364 nondum
1017 5312 1110 5367 tectus
1122 5308 1485 5382 accipitur,quovisendo,
1493 5310 1675 5383 meditando,
1684 5313 1732 5372 sel
1742 5332 1846 5376 amm.

137 5402 250 5458 ascendi
259 5401 294 5458 od
302 5406 415 5460 Patrem
427 5414 534 5466 meum
546 5397 676 5455 nondum
687 5394 836 5453 credidisti
853 5399 961 5453 mePa·
1017 5400 1054 5456 do
1070 5398 1161 5470 legem
1177 5399 1228 5454 Dei
1245 5398 1385 5456 custodit.
1405 5397 1447 5455 De
1462 5400 1557 5470 primo
1571 5400 1702 5461 dicitur:
1718 5407 1847 5467 tondete

136 5488 174 5544 tri
189 5489 377 5564 coequalem.
402 5494 578 5548 coeternum
602 5490 631 5544 et
651 5483 961 5545 consubstantialem:
1017 5488 1102 5544 mum
1124 5484 1155 5542 irs
1179 5484 1240 5542 uita
1261 5501 1322 5544 meo
1336 5486 1423 5560 (Psoi.
1447 5488 1547 5562 cxcv);
1568 5488 1604 5546 de
1624 5492 1778 5555 secundm
1794 5497 1848 5555 ω

129 5576 409 5653 ὴοοιῖἱωιοωάο,
426 5584 457 5637 et
470 5576 592 5652 tetigisti
617 5591 674 5632 me.
690 5574 845 5632 Hominem
868 5575 961 5650 rides,
1015 5586 1066 5637 teo
1090 5574 1237 5635 meditatio
1264 5591 1325 5651 meo
1348 5585 1389 5637 est
1416 5575 1503 5653 (Post.
1528 5579 1650 5657 expung
1671 5580 1712 5645 Δ.
1733 5586 1846 5663 m„
