3796 6000
47 262 107 327 805
518 266 570 327 Dii
591 266 739 329 charta
761 264 824 328 etti
845 264 954 329 atettt
974 266 1040 329 itti.
1063 296 1102 314 ·—
1123 267 1200 330 ΗΒ.
1224 262 1295 331 XII.

49 413 118 466 nus,
134 397 165 452 in
180 396 238 454 aiio
252 396 391 469 amptius.
408 399 494 453 batur
508 406 601 455 autem
615 398 755 469 cornibus,
778 404 812 454 ut
835 399 875 455 ait
889 407 917 472 Α
930 399 982 456 Sed
995 403 1195 473 percunctaris,
1210 402 1236 457 si
1248 402 1346 473 qratia,
1363 402 1429 476 quid
1444 418 1599 460 mercaris:

44 485 224 557 Apostolus,
238 486 436 557 manifestatio
450 489 569 560 spiritua
583 489 619 544 nd
646 488 809 550 utilitatem,
838 489 875 544 ad
969 495 1061 561 ipsum
1075 492 1243 563 aeilricum,
1258 495 1366 549 noueris
1380 508 1539 552 ceramum.

45 575 279 645 imperfectione
295 576 594 645 consummationem,
612 582 645 633 ut
664 580 714 649 qui
731 578 817 634 modo
831 579 877 633 ast
965 582 1018 636 tiis
1035 582 1074 636 ita
1089 582 1125 636 de
1140 582 1257 653 gaudiis
1271 587 1386 639 eternas
1401 583 1601 650 beatitudinis,
1616 603 1674 642 nan
1701 603 1753 660 pra

45 668 149 720 omnia
165 665 195 719 in
212 665 348 735 singuiis,
365 667 404 721 sit
420 674 595 738 quandoque
620 667 696 721 [icus
720 668 821 722 emnia
843 666 875 721 in
930 686 983 724 sua
997 670 1150 740 dignitate,
1166 672 1216 726 scd
1233 688 1283 743 pra
1300 676 1400 728 nestra
1415 674 1556 730 tenuitate
1570 675 1704 747 digestis,
1715 677 1751 734 ad

43 756 192 810 aturribus.
209 754 283 809 Cum
298 769 367 826 crgo
380 755 408 808 ia
425 755 475 809 itta
490 760 596 810 aterne
607 764 774 810 sauctorum
787 753 876 811 beati·
930 759 1040 814 iontem
1053 775 1141 815 suum
1157 759 1303 817 reflectam
1314 766 1443 817 arentem
1456 763 1595 830 rivulum,
1605 764 1685 820 iilius
1701 767 1753 838 pie

46 843 152 899 tudine
167 859 245 898 tinus
259 844 414 916 acceperit,
442 844 518 916 quad
543 844 627 900 modo
650 843 792 899 dividitur
814 843 876 899 siu·
931 847 1754 924 memerieoiierensmunuspauperisingenii,cujnshue

45 933 876 1004 getis,quantum,putas,eritiiindpraemiumquniegan·
930 936 1054 1008 imperio
1073 936 1259 994 tractandum
1280 939 1406 1011 suscepi.
1430 941 1552 1013 Suscepi
1575 946 1673 998 autem
1699 944 1754 1002 hoa

47 1021 157 1077 dirimi
172 1021 233 1076 Non
247 1026 292 1077 est
306 1023 442 1077 humente
465 1029 606 1093 angustia
622 1021 673 1078 iiia
686 1028 802 1077 eterna
816 1022 875 1077 cia·
926 1027 1048 1096 jubente
1064 1027 1222 1084 runerubiii
1235 1032 1317 1100 patre
1341 1036 1452 1096 nostro,
1474 1029 1605 1088 florentis
1626 1037 1697 1090 tune
1720 1034 1751 1090 iu

1695 270 1756 333 808

47 1110 145 1167 citatis
160 1111 269 1182 gaudie
283 1111 540 1179 comprehendere,
557 1112 606 1166 ubi
625 1114 701 1184 quud
724 1111 876 1167 contristet
929 1112 1035 1170 Christi
1051 1114 1192 1187 reiigione
1207 1116 1423 1188 hissigcmcnsie
1438 1120 1560 1175 eoenahii
1576 1121 1681 1178 abbate
1692 1123 1754 1195 pri-

47 1198 122 1254 nihii
139 1199 328 1268 interveniet,
345 1200 419 1254 nihii
435 1200 528 1254 deerit
543 1200 621 1272 quad
637 1200 785 1256 iatiiiect:

48 1382 148 1436 tutatus
162 1379 203 1435 ehi
214 1379 311 1434 auitos
326 1387 446 1446 resonat,
463 1379 530 1450 quio
543 1394 593 1434 nec
607 1379 684 1435 detor
698 1381 793 1450 uitue;

84 1471 130 1526 rto
141 1469 182 1525 ihi
193 1469 265 1540 quod
278 1469 492 1540 pipenntoeteat,
508 1478 556 1525 uut
572 1470 692 1541 pudeet;

46 1561 104 1618 Non
122 1559 162 1615 iii
176 1567 325 1631 peccatum,
341 1559 411 1631 quod
425 1559 544 1627 corridet
560 1560 605 1615 hie
621 1559 805 1616 demiratum.

83 1649 161 1717 Quod
176 1651 262 1704 seruit
277 1647 354 1719 vitio,
375 1666 429 1704 uon
444 1664 477 1704 ec
490 1652 540 1705 scit
555 1647 640 1719 reqio.

48 1736 160 1795 Cunctis
175 1738 265 1793 iuvita
280 1754 363 1802 snare,
378 1740 437 1809 ipsa
451 1752 501 1793 nee
514 1743 555 1793 est
570 1738 611 1792 tia·
623 1737 693 1807 visa,

87 1832 143 1885 Nec
157 1825 308 1881 metuendo
321 1825 393 1893 tibi,·
406 1832 462 1882 cite
479 1830 610 1898 perennis
630 1829 680 1883 ibi.

51 1917 190 1985 Nouoque
204 1918 243 1969 est
258 1914 368 1970 aratris
380 1912 454 1983 titre,
470 1920 519 1970 eut
530 1915 663 1971 umbribus
677 1916 755 1971 atria.

90 2005 205 2059 Semina
220 2004 268 2074 qui
281 2007 393 2074 {coeant
408 2003 499 2072 aritia,
516 2021 551 2059 ne
565 2020 624 2075 pere
633 2008 691 2061 ant.

52 2094 189 2154 omnihus
203 2097 240 2148 est
256 2109 327 2147 unte
339 2096 432 2163 quartis,
449 2093 578 2149 otirahtte
597 2110 707 2163 munes,

88 2182 173 2249 Quem
186 2196 292 2251 semper
305 2180 439 2250 corrodas,
455 2197 504 2237 noc
518 2181 656 2236 comedens
673 2182 796 2237 minuar.

51 2270 164 2335 iliram,
179 2270 226 2324 sed
241 2285 351 2338 uerum,
367 2268 454 2339 [acies
471 2271 533 2327 titia
546 2288 621 2327 noro
635 2287 743 2337 rerum,

88 2360 147 2431 Qui
163 2373 225 2414 vere
238 2358 314 2414 citus
325 2363 377 2425 est,
392 2358 475 2430 paris
488 2361 530 2415 ihi
546 2360 615 2415 Deus
630 2369 680 2427 est,

57 2450 201 2516 ductetur,
216 2449 309 2518 pestis,
323 2449 445 2513 morbus,
465 2449 591 2520 ianquor,
607 2450 702 2521 prorui
721 2452 807 2507 estis:

91 2539 251 2608 Terriqeuas
265 2536 401 2608 premitis,
416 2537 552 2594 coeiicotus
565 2541 672 2608 sepitis.

59 2626 160 2697 (ieratis
178 2625 219 2682 iii
238 2628 463 2691 sectaremini
477 2629 674 2700 socrapaqiua
694 2631 772 2685 testis

90 2715 198 2771 Christe
213 2716 340 2782 uertitur,
355 2718 405 2787 qui
420 2717 527 2773 irruere
548 2717 681 2773 abicitur.

55 2806 132 2861 itanc
145 2805 318 2874 custodieris,
332 2807 422 2862 audet
437 2823 492 2862 nort
507 2808 670 2865 invenieris.

90 2897 168 2953 Nunc
181 2896 275 2951 riorus
288 2897 363 2963 seta,
380 2907 444 2953 tunc
460 2896 492 2953 ic
506 2904 623 2970 utraque
637 2900 717 2955 stota.

57 2985 126 3043 Urbs
140 3002 179 3041 ec
192 2990 299 3043 aeterno
313 2990 366 3041 dat
381 2988 411 3042 t'n
427 2985 477 3042 itta
493 2995 585 3043 monte
597 3003 736 3058 superae:

91 3074 161 3142 Quae
175 3090 259 3146 quam
272 3073 355 3130 ctare
369 3086 446 3144 qerat
460 3076 573 3142 mucia,
589 3079 651 3148 quis
664 3077 791 3148 reterat‘i

57 3164 188 3219 t'attuar
200 3180 279 3220 muro
294 3165 408 3236 quadro,
423 3182 567 3236 uunquam
587 3169 707 3222 ruituro.

90 3253 272 3326 &strenuiter
287 3254 350 3324 fide,
366 3272 421 3311 nou
436 3255 491 3311 aiio
507 3255 606 3319 tepide.

61 3344 199 3398 Turribus
216 3348 257 3399 eat
270 3347 364 3412 tortis,
379 3344 510 3400 tiuadcut'r
524 3344 624 3417 peruia
635 3354 735 3417 portur,

90 3433 228 3500 Perpetuo
242 3433 328 3489 cieret
344 3434 459 3500 terniue,
473 3440 550 3490 noete
564 3442 651 3490 caret.

53 3522 116 3577 Pus
131 3520 172 3577 ici
184 3522 349 3593 tranquilia,
364 3524 459 3578 nutius
473 3529 562 3579 metus
576 3524 660 3581 hostie
675 3527 706 3580 ic
724 3523 790 3589 ttto,

91 3610 198 3668 Gaudet
211 3612 293 3667 turbu
308 3615 354 3683 pio
368 3616 480 3684 perpete
491 3613 607 3671 taetttia.

56 3702 238 3757 Concurrunt
251 3706 355 3772 pentes,
371 3703 468 3757 eruitur
481 3714 555 3758 cetat
571 3703 764 3774 iuqredt'erttes,

92 3792 286 3863 promissaque
300 3792 354 3847 tihi
368 3802 442 3848 sorte
455 3799 592 3863 fruuntur
614 3792 665 3848 tii.

52 3881 215 3935 tacete-runt
228 3883 341 3953 quique,
357 3883 443 3937 ceteri
456 3883 535 3953 pede,
554 3883 748 3955 perfundique,

91 3971 190 4024 Fertur
203 3970 286 4026 turbo
299 3987 407 4039 aeuum,
424 3972 506 4026 mista
517 3973 598 4027 choro
608 3973 754 4042 juvenum.

58 4058 192 4114 Cottaocat
207 4058 272 4114 irinc
285 4068 357 4116 ciue
371 4060 406 4115 ad
419 4063 545 4131 promtu,
560 4063 654 4132 qratia
668 4060 754 4128 diues,

92 4149 125 4206 tit
139 4151 267 4220 quotquot
282 4149 405 4217 veniant,
421 4149 517 4206 tritta
536 4150 701 4221 percipiant.

53 4241 158 4307 tiroqat
173 4237 216 4292 itis
229 4237 312 4308 deca,
327 4238 410 4294 datur
424 4240 576 4310 unicuique
590 4256 701 4296 corono.

91 4326 239 4396 Sanquirte
252 4343 409 4399 purpureus
423 4328 516 4383 ciarue
531 4327 572 4384 ihi
583 4344 697 4386 macas.

56 4416 164 4472 uerius
178 4417 313 4488 usitetur,
329 4417 491 4488 praetorius
504 4421 543 4474 ert
558 4427 584 4474 et
597 4418 725 4488 amicitas,

90 4506 121 4560 ia
138 4505 322 4572 turbatrices,
335 4510 406 4562 veste
420 4507 526 4561 micam
541 4522 628 4562 resec.
664 4508 667 4514 ‘

55 4593 128 4649 Sunt
145 4609 251 4665 quoque
262 4594 341 4650 ciuru
353 4594 422 4649 sutis
437 4602 503 4650 tunc
517 4595 639 4664 premia
654 4595 842 4669 eirqittitatt'r:

92 4681 193 4738 Currit
206 4684 241 4739 ab
259 4683 394 4740 iiiecehrie
408 4683 507 4751 tibere,
521 4684 550 4754 fit
566 4684 692 4742 celebris.

57 4773 95 4829 db
115 4771 248 4828 meritum
262 4789 394 4843 maenum
404 4772 516 4829 niueum
526 4773 655 4845 seqnitur
663 4790 750 4832 romae
760 4777 879 4848 Aqattm,

92 4863 130 4918 Aa
143 4877 286 4918 removeas
298 4862 450 4933 specuium,
465 4863 529 4933 fiqit
544 4864 573 4918 ia
588 4864 662 4920 hunc
675 4865 794 4922 oculum.

54 4951 109 5008 iioe
123 4950 184 5007 uisu
198 4956 317 5008 mentem
327 4954 367 5007 sic
381 4953 493 5023 expiens
506 4955 683 5021 esurientem,

93 5042 126 5098 tit
140 5040 196 5096 sihi
209 5039 279 5111 quod
293 5040 383 5097 dotem
396 5040 497 5111 defore,
514 5044 556 5098 nit
578 5054 702 5098 maneat.

53 5131 158 5186 Felices
172 5134 337 5187 sanctitum
358 5130 432 5201 iurqo
447 5146 563 5187 munere
583 5133 684 5200 suvrcti,

92 5220 124 5277 tu
139 5226 249 5274 tuntum
264 5221 388 5285 cupiant,
403 5222 466 5289 ptus
482 5221 556 5275 nihii
571 5231 600 5275 ut
612 5224 725 5291 cupiant

57 5307 169 5365 iniibus
184 5309 215 5363 in
230 5307 304 5363 reiis
318 5307 439 5363 donatur
451 5324 568 5380 querque
586 5309 685 5377 ridetis,

92 5397 196 5453 Christi
210 5397 290 5453 corde
300 5398 347 5468 pio
361 5396 471 5452 deditus
486 5397 624 5468 obsequio.

57 5491 151 5545 Tanta
167 5487 224 5543 suis
238 5487 314 5541 netis
327 5487 435 5556 contest
448 5487 496 5547 eia
510 5487 602 5555 qratia
616 5485 716 5554 pratis,

87 5575 177 5649 ipatus
190 5574 293 5631 meunt
306 5574 446 5631 credimus
459 5590 541 5632 omne
558 5574 668 5631 horum.

930 1220 978 1260 mo
995 1204 1154 1275 fulgentio,
1170 1205 1241 1278 quia
1255 1206 1428 1264 Christiana
1444 1210 1633 1281 paupertatis,
1649 1228 1753 1268 mona·

929 1294 1018 1351 chire
1035 1294 1221 1364 humilitatis,
1247 1301 1333 1369 atque
1358 1303 1486 1369 paternae
1509 1299 1659 1356 charitatis
1689 1302 1754 1358 viva

928 1383 1068 1439 cordibus
1084 1384 1192 1439 nostris
1207 1385 1328 1458 uestigia
1351 1387 1451 1443 vivens
1475 1387 1637 1457 impressit,
1664 1394 1692 1444 et
1717 1389 1753 1444 ed

928 1471 1037 1544 gaudia
1052 1470 1180 1543 paradisi
1198 1474 1355 1544 transiens,
1371 1476 1456 1531 nabis
1471 1476 1614 1532 imitanda
1624 1474 1754 1549 reliquit.

929 1561 983 1626 Oui
997 1561 1127 1633 predicti
1145 1563 1269 1618 coenabii
1286 1563 1481 1630 fundotenus
1502 1566 1679 1621 monachicas
1706 1565 1754 1622 in·

927 1650 1085 1707 stitutionis
1100 1656 1212 1723 primus
1226 1651 1256 1706 in
1268 1650 1508 1722 illaiuiortnator,
1518 1654 1548 1709 in
1560 1655 1684 1710 barbara
1694 1654 1755 1725 iiie,

894 1755 989 1835 Buca
1006 1739 1070 1795 dicu
1086 1739 1152 1795 fidei
1168 1739 1360 1807 confessione,
1377 1741 1427 1797 sed
1443 1741 1540 1814 aperis
1563 1742 1754 1811 exhibitione,
1839 1752 1849 1771 ⁸

931 1830 1064 1901 gentium
1080 1830 1249 1893 solitudine.
1266 1831 1418 1903 peregrino
1432 1831 1560 1899 Christo,
1575 1841 1602 1887 et
1618 1833 1753 1904 trequen-

930 1920 975 1972 ter
986 1916 1044 1973 iiiia
1060 1919 1222 1975 transeunti
1232 1918 1425 1976 diversorium
1441 1922 1554 1990 statuit,
1566 1937 1624 1993 qua
1635 1937 1651 1977 e
1662 1922 1757 1977 direr-

932 2006 973 2063 sis
984 2008 1117 2080 partibus
1128 2009 1229 2065 multia
1239 2009 1357 2065 diversas
1366 2010 1552 2075 conditionis,
1563 2009 1753 2082 protensionis
1846 2052 1851 2063 .

931 2104 959 2152 ct
972 2097 1064 2153 atatis
1079 2098 1304 2166 continentibus,
1320 2104 1349 2154 et
1363 2100 1392 2154 in
1414 2099 1572 2155 diversoria
1592 2116 1646 2155 sua
1670 2098 1754 2157 Chri·

931 2191 1010 2243 atum
1027 2186 1253 2259 inquirentibus,
1271 2187 1373 2259 piures
1392 2189 1510 2244 servitio
1534 2187 1639 2245 Christi
1664 2205 1753 2244 man-

931 2275 1039 2346 ciparit
1051 2275 1094 2330 ita
1108 2281 1141 2331 ut
1154 2276 1299 2332 incaiatus
1313 2277 1359 2332 sui
1375 2281 1506 2348 tempore
1521 2275 1588 2348 pius
1599 2293 1688 2350 quam
1703 2278 1758 2331 du-

933 2377 1083 2420 centorum
1099 2363 1219 2437 triginta
1234 2370 1292 2420 tam
1310 2364 1519 2421 monachorum
1535 2382 1624 2439 quatu
1647 2365 1758 2423 sancti·

933 2453 1105 2510 monialium
1120 2471 1152 2509 ac
1169 2454 1291 2509 instrum
1309 2455 1480 2510 obedientie
1496 2454 1558 2522 laps
1583 2456 1757 2527 viventium,

934 2544 1058 2600 diversis
1073 2543 1102 2598 in
1119 2542 1191 2598 iacis
1205 2547 1291 2600 Pater
1306 2549 1467 2600 mereretur
1486 2545 1620 2601 existere.
1646 2545 1759 2612 Quibus

933 2635 1005 2689 dum
1021 2648 1101 2689 more
1111 2631 1289 2689 ssdaliascrui
1302 2648 1471 2689 mensuram
1485 2635 1572 2689 tritici
1582 2635 1697 2701 dividit,
1708 2649 1758 2690 nce

935 2722 1034 2780 minus
1048 2723 1084 2778 da
1099 2720 1254 2793 temporali
1270 2722 1404 2779 subsidio
1430 2722 1657 2780 solticitudinem
1684 2723 1760 2795 traria

933 2816 1059 2883 quantus
1073 2817 1172 2876 astus,
1190 2819 1314 2883 quantus
1329 2812 1425 2868 cordis
1441 2814 1587 2868 cruciatus
1597 2813 1697 2869 anima
1708 2812 1760 2869 iiia

932 2907 1034 2956 sancta
1048 2899 1159 2965 tulerit,
1175 2904 1278 2972 praeter
1293 2916 1360 2956 eum
1376 2900 1426 2972 qui
1439 2902 1591 2968 sustinuit,
1604 2917 1689 2957 nemu
1709 2903 1758 2974 qui

932 2987 1052 3044 noverit.
1068 2987 1126 3044 Nec
1142 2993 1238 3043 tammi
1254 2990 1283 3044 in
1299 2989 1414 3043 camina
1431 2990 1611 3060 paupertatis
1623 2990 1757 3062 trequen-

935 3085 978 3131 trr
993 3076 1117 3134 adustus
1131 3082 1161 3133 et
1176 3077 1269 3132 muita
1286 3077 1508 3133 tribulationum
1536 3078 1602 3145 inne
1625 3079 1761 3134 decoetus

894 3135 916 3201 C
935 3168 1059 3238 crepuit,
1074 3168 1124 3223 sed
1141 3184 1198 3238 qua
1213 3168 1318 3223 durius
1332 3168 1414 3238 arsit,
1431 3169 1531 3242 purior
1542 3169 1642 3225 euasit.
1658 3168 1761 3239 t'utgat

934 3258 1544 3329 itaqueuene,utaptamusetconiidimus,
1556 3256 1761 3313 initiaaterna

934 3345 1066 3402 claritate
1079 3350 1178 3401 nester
1190 3346 1427 3418 Fuigentius,ubi
1439 3364 1506 3403 eum
1519 3351 1651 3403 nostrum
1660 3347 1759 3404 inuhe·

934 3435 1049 3492 dientias
1066 3441 1170 3491 nostra
1186 3436 1354 3508 {legitumos
1366 3437 1600 3501 intercessorem,
1613 3452 1699 3503 quem
1712 3436 1759 3493 hic

934 3525 1104 3582 obedientie
1120 3525 1279 3581 babuimus
1290 3533 1508 3597 preceptorem.
1522 3526 1578 3596 ipsi
1590 3527 1679 3597 igitur
1689 3526 1757 3582 abe-

934 3615 1052 3671 dientia
1068 3630 1129 3671 sure
1144 3616 1272 3670 tructam
1288 3615 1387 3684 otiero,
1404 3618 1435 3670 ut
1443 3614 1570 3687 corrigat
1580 3616 1655 3684 qued
1667 3614 1757 3671 corri-

934 3700 1760 3773 gaudumjudicaverit,quadraritatistumioeiiiustratus

935 3807 982 3846 ine
997 3790 1104 3847 meiius
1115 3791 1216 3862 utique
1228 3792 1354 3853 navit,et
1364 3796 1525 3847 correctum
1541 3793 1650 3846 auctari
1659 3789 1759 3863 gratia

935 3896 1044 3936 manus
1058 3881 1169 3934 utinam
1182 3880 1358 3951 acceptabile
1368 3881 1479 3936 atterat.
1493 3880 1658 3936 Nihiieniui
1670 3882 1700 3935 in
1712 3897 1760 3937 me

935 3969 1008 4024 nihii
1026 3984 1148 4041 prorsus
1162 3970 1288 4037 insanio,
1305 3970 1382 4039 quad
1403 3968 1630 4024 examinandum
1655 3968 1759 4025 ntierra

935 4060 1056 4113 audeam
1072 4056 1198 4114 districti
1214 4055 1293 4111 iilius
1305 4057 1412 4124 judicis
1425 4057 1545 4127 iusticia,
1560 4056 1618 4113 nisi
1629 4057 1702 4114 torta
1714 4057 1758 4112 in·

934 4146 1114 4203 tarvaniente
1129 4148 1223 4219 gratia
1243 4162 1332 4218 quarn
1349 4146 1483 4217 predico,
1500 4148 1617 4220 purgari
1642 4162 1757 4204 merear

935 4237 1061 4292 carbone
1076 4234 1126 4291 ilia
1137 4236 1323 4302 desolatorio,
1339 4250 1425 4304 quem
1451 4237 1486 4293 de
1509 4235 1594 4292 altari
1618 4253 1697 4294 unus
1719 4238 1756 4293 da

935 4325 1070 4398 seraphin
1088 4325 1196 4397 iorcipe
1212 4323 1291 4390 tuiit,
1307 4330 1396 4396 atque
1411 4323 1491 4380 isaia
1511 4325 1656 4395 propheta
1680 4326 1759 4384 iahia

937 4415 1048 4471 munde
1064 4413 1200 4468 reddidit.
1215 4413 1273 4469 Nec
1288 4413 1431 4470 inhiarunt
1446 4419 1561 4471 tantum
1588 4417 1759 4488 purgatione

895 4489 919 4555 D
933 4520 1015 4576 egra,
1028 4504 1078 4558 sed
1092 4507 1121 4558 et
1133 4502 1228 4558 cardia
1240 4517 1274 4557 sc
1285 4502 1379 4559 totius
1388 4503 1518 4575 corperis
1529 4520 1536 4571 ;
1546 4509 1574 4558 st
1587 4504 1657 4574 quia
1666 4502 1759 4574 inqui·

934 4591 1259 4662 uetasnnt,u·ejudice,
1268 4606 1334 4647 mea
1344 4590 1452 4659 amnia,
1460 4592 1564 4647 divine
1576 4591 1758 4663 purgationis

933 4683 1090 4738 carbonam
1105 4684 1276 4752 exspectent
1288 4679 1434 4737 universa.
1444 4681 1485 4735 hd
1495 4679 1576 4736 iilius
1587 4695 1655 4751 erga
1666 4679 1758 4735 omni·

934 4770 1093 4845 potentiam
1112 4768 1760 4841 emundandusceniugio,anjuspietatieprur·

935 4861 1020 4917 conia
1033 4859 1063 4915 in
1079 4859 1133 4915 hue
1147 4858 1288 4931 opusculo
1304 4875 1360 4915 nan
1375 4857 1529 4927 condignis
1540 4857 1688 4925 lendibus,
1704 4857 1756 4913 sed

936 4966 988 5022 pra
999 4947 1110 5003 viribus
1126 4946 1266 5013 extuii,nt
1276 4960 1323 5001 ma
1332 4945 1485 5019 indignum
1496 4961 1657 5017 preconem
1670 4960 1758 5001 suum

935 5036 1098 5109 AEthiopiea
1112 5035 1187 5108 palie
1200 5039 1230 5090 et
1243 5034 1340 5091 nativa
1355 5033 1508 5106 nigredine
1524 5040 1620 5101 exuat,
1637 5040 1668 5091 et
1681 5036 1761 5091 intra

936 5127 1115 5183 latissimum
1124 5124 1207 5180 ilium
1219 5124 1318 5196 gratias
1327 5123 1425 5180 sinuum
1436 5128 1605 5196 componat,
1615 5127 1666 5196 qni
1678 5124 1762 5181 etsie·

935 5220 993 5274 etia
1006 5217 1095 5273 simut
1104 5216 1133 5270 et
1142 5220 1257 5269 terrena
1266 5212 1481 5285 complectitur,
1490 5228 1542 5268 uec
1550 5219 1647 5269 husen
1657 5212 1757 5269 intitu·

935 5305 1014 5360 dinis
1043 5318 1104 5359 sue
1127 5303 1281 5375 angustias
1303 5303 1423 5373 patitur.
1446 5302 1584 5368 Quamvis
1609 5303 1687 5358 enim
1712 5317 1759 5358 me

937 5392 1089 5458 miserum,
1105 5391 1239 5447 saucium
1255 5396 1285 5447 et
1298 5391 1481 5455 semivivum,
1504 5395 1534 5446 et
1557 5392 1704 5460 sacerdos,
1729 5394 1760 5447 et

934 5483 1022 5540 levita
1037 5484 1199 5555 pretereat,
1211 5497 1297 5553 spera
1312 5486 1421 5550 umen,
1431 5482 1509 5553 quod
1530 5481 1645 5553 plasma
1655 5485 1755 5551 tuum,

935 5572 1103 5647 aptissima
1128 5570 1323 5640 Samariteaa,
1351 5586 1411 5628 non
1438 5576 1634 5645 pertranseas,
1662 5570 1757 5629 danae
