3796 6000
51 287 111 345 set
657 280 814 346 REGULA
835 282 1168 348 TEMPLARIORUM.
1703 293 1764 354 858

48 417 95 474 cui
112 416 265 472 Raioaldus
281 420 445 481 Remorum,
461 424 487 471 et
518 417 656 475 tierricus
683 418 827 473 Senonum
842 429 908 473 cnm
936 417 997 473 suis
1012 419 1199 489 suffragancis
1227 420 1391 491 interfuere,
1422 421 1562 490 matrinae
1587 422 1714 493 abbates,
1730 424 1761 484 iu

49 490 153 560 primis
167 488 326 556 Stephanus
353 488 548 545 cisterciensis
576 498 602 544 et
620 490 778 545 Bernardns
804 487 1039 545 claraevallensis.
1067 492 1188 561 Tempus
1205 491 1292 548 habiti
1308 494 1424 550 corruitii
1439 495 1576 550 discimus
1591 511 1623 550 ex
1642 495 1758 565 prologo

48 563 166 630 lingulae
177 561 300 616 militnm
316 560 439 628 Templi,
455 560 548 629 quiin
578 561 626 617 illo
643 561 767 617 eoncilia
782 562 936 629 approbata
953 560 1165 623 inluminarum
1181 565 1210 618 iu
1226 565 1403 620 solemnitate
1418 564 1446 620 S.
1463 566 1577 634 Hilarii,
1603 583 1675 621 anno
1692 568 1762 623 1428

46 633 83 686 ab
99 634 244 687 incarnato
275 631 346 686 Filio
360 631 642 701 praesentaneae
668 632 806 704 praeterr
820 629 938 688 mtttttae
951 647 1031 699 nona,
1047 650 1111 704 qua
1138 653 1153 688 a
1169 636 1302 705 magistro
1321 637 1437 704 ttugone
1454 638 1488 693 rte
1504 637 1623 708 Paganis
1637 639 1759 710 sumpsit

47 705 211 760 exordium.
229 704 309 759 tluuc
326 704 473 774 prologum
488 705 613 774 scripsit,
632 708 660 759 et
677 704 791 759 Petrum
806 703 961 759 sententias
977 703 1104 761 loannes
1120 705 1320 763 Michastensis
1331 700 1534 776 irrssaconcilii
1548 724 1581 762 ac
1595 711 1759 766 nonnatttts

47 776 159 830 ablotis
175 774 406 842 claraevallensis,
421 778 466 829 cni
488 775 626 831 creditum
641 791 674 830 ac
690 775 812 831 detritam
826 774 876 829 ltac
889 777 959 839 erat,
977 791 1079 845 nempe
1094 786 1125 830 ut
1150 778 1242 833 sariba
1253 780 1369 834 concilii
1385 788 1467 835 esset.
1494 781 1570 835 idem
1586 789 1684 837 auctor
1699 782 1758 838 sin·

48 847 134 911 gulas
147 847 295 917 episeopos
310 853 336 901 et
350 847 465 902 abbates
479 856 687 903 commemorat
705 847 753 917 qui
769 845 892 902 consitio
910 847 1161 903 actual-oannem
1177 849 1205 903 hi
1221 860 1287 906 sunt
1304 867 1311 906 ε
1327 850 1411 906 atlas
1429 852 1635 915 vezeliacensis,
1651 853 1760 910 scilieet

47 919 222 987 Rayuatdns,
239 919 287 988 pai
302 933 354 973 non
379 920 468 973 inulta
490 925 551 988 post
566 921 657 987 sactus
673 922 713 974 est
730 918 922 984 Lapdrtneuais
936 918 1158 989 archiepiscopus
1182 937 1214 976 οο
1228 925 1329 977 sanein
1343 923 1472 980 Romanae
1487 924 1615 980 Ecclesiae
1628 924 1733 995 lcpnlas
1750 941 1758 994 ;

46 990 139 1044 altas
160 988 359 1056 cisterciensis,
391 990 499 1046 scilicet
526 989 1052 1061 Stephanus:ailrnsl’antinincensis
1083 991 1259 1061 lingonibus
1288 993 1503 1064 Triamtoattum
1533 995 1678 1063 ttogertns,
1710 999 1758 1053 eui

46 1061 143 1117 Gurdo
157 1076 233 1116 anno
247 1060 377 1130 sequenti
407 1063 563 1130 successit;
589 1062 673 1116 altas
689 1059 717 1116 S.
735 1061 852 1116 Dionisii
880 1059 914 1116 de
938 1061 1036 1131 Remis,
1051 1063 1135 1117 albas
1163 1064 1190 1117 S.
1207 1063 1341 1134 Stcptrani
1368 1065 1401 1121 de
1414 1065 1536 1130 Diuinae,
1554 1067 1641 1122 otlras
1657 1067 1758 1123 Malis·

45 1133 151 1187 mensis
161 1133 262 1189 Gnido.
295 1131 352 1188 Nec
367 1133 454 1187 detuit
470 1149 554 1201 supra
577 1134 736 1188 nominatas
750 1132 834 1188 atlas
858 1131 1019 1188 Bernartius
1046 1132 1279 1195 claraevallensis,
1302 1139 1382 1200 coins
1409 1139 1573 1192 senentiam
1600 1140 1757 1210 proscripti

46 1203 143 1258 litera
169 1203 449 1260 nacecollandatant.
485 1206 565 1260 llunc
585 1208 619 1259 ed
640 1205 796 1260 concilium
822 1204 949 1272 repetitis
973 1204 1073 1261 litteris
1103 1206 1270 1262 inritaverat
1299 1206 1456 1273 Mattheus,
1480 1217 1663 1265 excusantem
1680 1211 1753 1281 quod
1810 1260 1815 1267 ,
1845 1246 1848 1261 .

45 1275 187 1356 sententis
201 1280 291 1332 acriter
315 1276 398 1345 tetris
414 1284 511 1330 exusta
539 1276 687 1330 ancoritana
718 1284 743 1331 ct
765 1274 900 1332 exhausto
928 1276 1073 1331 aaronitas
1085 1293 1139 1332 nan
1158 1279 1260 1333 valeret
1273 1277 1399 1349 sulficere
1416 1281 1529 1349 spiritui
1542 1289 1668 1351 prompto
1693 1297 1757 1338 caro

46 1347 163 1429 infirma
191 1348 291 1418 (Banu.
318 1349 454 1416 ep.xxr);
473 1349 520 1402 sed
538 1349 650 1403 tandem
664 1348 777 1416 jubenti
808 1348 899 1416 legato
929 1353 1083 1417 parendum
1108 1350 1169 1403 init.
1200 1349 1304 1404 Preter
1319 1351 1468 1422 episcopos
1483 1357 1512 1405 et
1536 1351 1650 1409 abbates
1663 1352 1757 1409 eidem

44 1418 271 1474 etrameoueilio
301 1418 457 1474 intarlnero
483 1418 632 1474 tilbericas
648 1419 794 1474 demersis
816 1425 843 1472 et
872 1419 1005 1485 magister
1022 1419 1168 1489 Fulgerius
1193 1429 1242 1487 ;et
1270 1438 1304 1475 ex
1332 1422 1412 1477 laicis
1440 1438 1536 1479 comes
1564 1423 1757 1491 Theatraldna,

43 1504 198 1559 comesque
222 1490 416 1553 Nivernensis,
445 1499 471 1544 et
507 1493 633 1545 Antreus
660 1491 695 1547 de
721 1489 1163 1561 Bandiment03deniquedugo
1181 1494 1289 1548 mititte
1315 1494 1448 1559 magister
1461 1509 1526 1550 oum
1544 1495 1759 1566 ntiquotesuls

44 1561 403 1629 discipulis,quimodum
429 1560 680 1618 atnbserrantiam
711 1561 836 1617 instituti
851 1560 894 1615 sui
924 1560 1053 1617 Patribus
1077 1564 1221 1633 esposuit.
1240 1564 1347 1619 Placuit
1362 1567 1457 1635 itaque
1472 1566 1596 1622 concilio
1613 1573 1643 1622 nl
1658 1582 1757 1624 eorum
1849 1630 1852 1635 ,

47 1632 192 1702 Regntaa
220 1633 350 1688 Patribus
365 1633 525 1688 examinata
541 1642 567 1699 et
582 1633 747 1703 approbata,
762 1633 868 1701 scripto
883 1636 1142 1690 commendaretur.
1159 1637 1237 1700 Quod
1266 1652 1282 1689 a
1309 1635 1421 1691 lauans
1450 1636 1635 1694 Michaeleasi
1664 1638 1757 1694 scriba

46 1703 164 1760 correilii
190 1704 292 1786 laetum
323 1710 364 1759 est
380 1703 456 1759 ‚Haec
473 1704 577 1773 Regula
594 1705 651 1760 lare
666 1713 722 1760 tota
750 1720 782 1758 ex
799 1703 890 1759 ruanis
906 1702 1020 1774 Regula
1033 1704 1060 1759 S.
1078 1705 1223 1761 Benedicti
1240 1714 1371 1762 contexta
1387 1714 1438 1774 est,
1455 1714 1623 1778 constatque
1639 1710 1756 1765 totidem

45 1777 191 1844 capitulis,
208 1774 315 1830 scilicet
335 1776 512 1845 septuaginta
527 1776 649 1831 dnobus.
667 1776 734 1846 Ejus
747 1784 844 1830 unctor
859 1791 875 1828 a
892 1776 1035 1847 plerisque
1047 1777 1171 1832 creditur
1187 1777 1215 1833 S.
1233 1777 1412 1846 Bernurdus;
1430 1786 1459 1834 at
1474 1778 1578 1834 suldoit
1593 1780 1619 1836 ei
1633 1781 1756 1836 tribuere

51 1846 158 1902 librum
173 1845 302 1902 dolando
315 1862 390 1902 noan
403 1845 526 1914 nrititiae,
539 1847 573 1901 ad
588 1848 691 1903 milites
706 1845 812 1917 templi,
828 1847 875 1917 qui
892 1847 1004 1916 lingoui
1020 1848 1155 1917 magistro
1170 1849 1325 1919 inscriptus
1340 1858 1393 1906 est.

51 2012 153 2054 cesum
169 1996 596 2068 patiatur‚domiuopatriarchae
606 1997 734 2053 Hierasol
758 1997 875 2064 mitena,
890 1999 918 2064 Α
933 2004 993 2065 tes;
1009 1999 1057 2054 sed
1073 2005 1101 2054 et
1122 1997 1251 2056 ecclesiis
1279 1999 1341 2064 Dei,
1363 1999 1404 2055 eis
1419 2000 1547 2056 ducimus
1575 2000 1758 2073 etprimitias

49 2084 138 2139 uqno
158 2076 184 2125 et
209 2069 317 2124 ordinis
345 2069 551 2125 institutionem
574 2075 601 2124 et
631 2014 876 2138 primaisnetteta
932 2068 1147 2137 subtrahentes,
1164 2075 1193 2126 et
1207 2085 1305 2128 earnm
1336 2071 1463 2128 indebite
1481 2070 1622 2129 turbando
1640 2088 1757 2142 posses-

48 2148 242 2210 susceperunt,
258 2155 288 2196 se
303 2139 516 2207 subtraxerunt,
533 2140 723 2196 obedientiam
740 2140 776 2205 ei,
793 2154 876 2210 quum
932 2141 1038 2211 aiones,
1056 2141 1120 2199 lacti
1136 2148 1202 2199 suut
1218 2140 1297 2198 valde
1313 2142 1437 2198 molesti.
1457 2164 1472 2193 a

50 2227 151 2269 eorum
167 2213 387 2285 praedecessores
401 2212 493 2268 eidem
509 2211 713 2280 exhibuerunt,
729 2212 877 2282 denegan-

694 2551 1115 2705 REGULA

266 2834 634 2960 rauranum
683 2831 1217 2959 corrumpamur
1267 2836 1542 2961 annisu

504 3077 874 3192 TEMPLIQUE
917 3076 1318 3174 SALOMONICI.

828 3301 989 3313 —u—

741 3442 1074 3534 PROLOGUS.

85 3685 228 3743 Omnibus
257 3682 404 3754 inprimis
426 3696 519 3737 sermo
544 3688 641 3737 noster
655 3678 800 3749 dirigitur,
814 3675 880 3747 qui·

51 3791 176 3847 eumque
206 3773 334 3845 proprias
349 3770 509 3828 volrrntates
533 3769 614 3841 sequi
638 3773 836 3833 contemnunt,
853 3770 881 3820 et

52 3882 171 3927 summo
184 3880 218 3922 ec
234 3878 298 3920 vero
306 3862 363 3933 regi
371 3860 493 3918 mititare
506 3860 596 3915 animi
611 3857 732 3930 puritate
747 3855 880 3926 cupiunt,

52 3965 84 4014 ot
99 3952 268 4014 obedientie
292 3957 465 4006 armaturam
482 3947 649 4020 praclarum
665 3957 821 4009 assumere,
838 3943 881 3999 in·

48 4044 209 4102 tentissime
234 4056 303 4097 eura
332 4037 479 4107 implenda
512 4040 722 4105 praeoptasset
744 4045 879 4103 perseve-

52 4133 143 4190 rando
168 4129 317 4200 impleant.
336 4127 487 4183 Hortamur
502 4125 606 4196 itaque,
632 4124 679 4194 qui
695 4136 785 4192 nsque
800 4135 879 4175 nuuc

936 3675 1112 3748 Beneigitur
1140 3678 1288 3735 nobiseum
1319 3681 1424 3750 agitur,
1449 3679 1551 3751 quibus
1582 3680 1761 3738 Dominusct

936 3764 1060 3821 salrator
1074 3774 1170 3823 noster
1182 3769 1264 3824 lasus
1280 3768 1408 3824 Christus
1422 3770 1530 3825 amicos
1545 3784 1635 3825 snosu
1647 3769 1761 3828 civitate

935 3859 1032 3909 sancta
1043 3854 1072 3909 in
1088 3863 1256 3913 ceutronum
1273 3857 1398 3914 Francia
1413 3867 1440 3914 et
1460 3858 1628 3928 Burgundio
1644 3858 1757 3927 direxit,

935 3939 1046 4010 qnipro
1065 3950 1162 3998 nostra
1186 3943 1280 4000 salute
1308 3960 1435 4015 veraeque
1463 3944 1529 4000 ddni
1556 3946 1758 4015 propagatione

934 4044 991 4085 non
1008 4038 1121 4087 cessant
1148 4033 1258 4088 animas
1274 4049 1338 4090 snus
1369 4033 1489 4089 hostium
1520 4034 1576 4089 Deo
1596 4033 1756 4103 placentem

934 4117 1043 4176 otlerre.
1062 4119 1118 4178 Nos
1128 4138 1194 4192 ergo
1207 4137 1272 4178 cum
1287 4122 1367 4179 omni
1382 4120 1570 4194 gratulatione
1585 4138 1618 4178 aa
1634 4121 1758 4180 lraternu

54 4222 188 4278 mititiam
204 4217 411 4281 secularemiu
428 4232 481 4287 que
493 4214 622 4270 Christus
638 4228 695 4267 uon
712 4211 765 4266 luit
780 4224 874 4275 causa,
893 4206 915 4271 Β
932 4207 1045 4276 pietate,
1062 4210 1249 4281 precibusque
1274 4211 1402 4281 magistri
1419 4211 1555 4281 itugonis,
1572 4211 1602 4267 iu
1618 4228 1674 4283 qno
1690 4228 1761 4283 prrs-

54 4311 106 4366 sed
131 4308 192 4365 snlo
210 4309 335 4363 humano
352 4308 445 4361 lavore
472 4304 622 4374 amplexati
639 4301 720 4371 estis,
735 4309 877 4369 quatenus

55 4400 158 4456 horum
175 4398 287 4462 unitati,
304 4412 374 4466 quos
391 4395 527 4450 Dominus
545 4408 577 4448 ea
600 4405 695 4446 massa
711 4388 878 4459 perditionis

54 4488 152 4555 elegit,
168 4497 194 4542 et
209 4488 242 4541 od
264 4486 457 4542 detonsionem
475 4491 580 4538 satiatae
603 4479 736 4536 Ecclesia
758 4478 879 4546 gratuitu

54 4581 158 4651 pietate
173 4578 401 4647 compossita-os
417 4573 564 4628 sacimntos
581 4571 743 4639 perenniter
763 4576 879 4624 testme·

52 4671 103 4725 tis.
128 4671 201 4722 Ante
227 4666 324 4720 numia
352 4674 456 4726 aulem,
475 4665 638 4731 quicunque
666 4675 707 4725 es,
731 4674 748 4713 ο
774 4656 879 4714 Christi

53 4759 209 4822 mites-,tam
228 4766 355 4810 sanetum
372 4751 613 4808 couvrrsatiunem
630 4749 748 4808 etiams,
767 4747 879 4803 tecirca

53 4847 258 4918 professionem
278 4852 353 4898 tuem
368 4851 477 4911 oportet
493 4855 592 4910 purum
609 4838 743 4893 adhibrre
756 4837 878 4906 diligen·

54 4937 135 5002 tiam,
151 4950 184 4990 ao
212 4933 324 4988 lirmem
354 4946 499 5002 persevera
513 4930 592 4983 »tium
608 4943 690 4996 mnae
717 4947 731 4979 a
748 4926 805 4981 lieo
823 4935 878 4980 tam

53 5025 151 5093 digua,
180 5030 279 5079 sanctu
304 5026 333 5077 ei
358 5020 566 5076 sublimisesse
593 5016 782 5087 dignoscitur,
799 5024 828 5071 ut
856 5016 880 5071 si

54 5130 124 5185 pure
140 5122 164 5169 et
190 5118 401 5186 perseveranter
428 5109 603 5171 observetur,
619 5108 694 5161 inter
710 5106 878 5174 militantes,

57 5206 104 5273 qui
121 5218 171 5271 pro
186 5201 296 5256 Christo
311 5201 422 5255 animas
444 5214 509 5252 suas
523 5197 676 5263 dederuut,
688 5202 791 5250 sartam
804 5195 877 5250 obti-

58 5309 127 5349 nere
143 5292 308 5346 mereberis.
336 5291 367 5344 In
383 5289 446 5358 ipsa
470 5301 592 5357 namque
623 5282 747 5341 refloruit
771 5284 830 5355 jam
853 5292 879 5339 et

56 5381 161 5438 reluxit
177 5381 246 5436 ordo
273 5378 415 5443 militaris,
436 5377 483 5446 qui
513 5377 646 5445 despecto
671 5374 787 5443 justitiae
808 5373 878 5437 zelo,

57 5487 116 5528 uon
135 5484 274 5540 pauperes
301 5473 349 5522 unt
366 5465 507 5522 Ecclesiae
531 5465 689 5530 defensare,
705 5464 778 5535 quod
797 5479 877 5519 suum

56 5569 128 5627 arat,
145 5559 193 5614 sed
208 5572 315 5627 rupere,
331 5554 466 5627 spoliare,
482 5552 643 5610 interlicere
658 5550 877 5609 contendebant.

932 4298 1007 4352 dicta
1024 4299 1125 4354 militia
1138 4301 1259 4371 sumpsit
1273 4301 1433 4370 exordium,
1444 4316 1508 4357 oum
1525 4301 1630 4371 Spiritu
1659 4309 1759 4359 sancta

932 4386 1135 4452 intimantem
1171 4391 1291 4446 diversis
1338 4390 1562 4466 Ultramontaute
1605 4390 1759 4462 provincius

934 4477 1171 4533 mansionibusin
1184 4479 1363 4536 solemnitate
1372 4481 1461 4537 satiati
1477 4481 1572 4535 tlilarii
1583 4496 1659 4535 anno
1674 4479 1757 4559 1128,

930 4565 966 4621 ab
979 4566 1128 4623 incarnato
1144 4566 1194 4624 Dei
1208 4568 1287 4629 Filio.
1305 4569 1341 4624 ab
1352 4568 1535 4625 inoborrtione
1547 4569 1688 4638 pradictus
1702 4566 1755 4622 mi·

933 4654 1001 4710 litia
1013 4672 1089 4713 nono
1103 4660 1136 4712 att
1152 4657 1332 4725 Trecas,Dea
1343 4660 1425 4728 «trica,
1440 4659 1467 4712 in
1481 4672 1571 4712 naum
1583 4655 1755 4713 convenien-

934 4748 1116 4809 rosmodam
1133 4748 1381 4802 etnbserranttam
1407 4746 1544 4817 equestris
1573 4744 1681 4800 ordinis
1706 4760 1756 4814 per

934 4837 1044 4902 singula
1059 4837 1184 4906 capitula
1199 4852 1232 4891 rx
1247 4852 1295 4892 ore
1307 4836 1395 4907 ipsius
1412 4835 1537 4907 magunt
1555 4833 1683 4898 Hupnnis
1705 4850 1756 4887 eu·

934 4927 995 4982 dire
1011 4928 1177 4993 meruimus,
1192 4943 1225 4982 ac
1238 4928 1319 4995 justa
1334 4927 1461 4980 notitiam
1479 4924 1639 4994 exiguitatis
1654 4929 1758 4978 nostrae

934 5017 1153 5088 scientie,qao‹t
1173 5015 1255 5071 nobis
1272 5015 1415 5070 ridebatur
1430 5013 1595 5081 absurdum,
1616 5026 1757 5084 omneque

934 5106 1007 5175 qnod
1023 5106 1053 5159 iu
1070 5105 1201 5175 praesenti
1216 5103 1339 5160 counitio
1356 5102 1481 5174 nequivit
1501 5117 1563 5157 esse
1589 5100 1674 5157 nobis
1696 5116 1757 5158 me·

935 5195 1109 5250 morabititer
1125 5195 1243 5250 relatum
1267 5209 1300 5250 uo
1319 5199 1527 5263 computatum,
1548 5207 1608 5249 nou
1632 5189 1755 5260 lenitate,

934 5285 983 5339 sed
996 5286 1135 5349 corisulte,
1150 5283 1334 5354 providentia
1347 5290 1372 5337 rt
1398 5281 1564 5337 discretioni
1586 5278 1757 5335 venerahilis

935 5373 1027 5428 Patris
1042 5373 1133 5427 nostri
1152 5373 1313 5439 lionorii,ac
1327 5371 1426 5441 inclyti
1443 5370 1609 5442 patriurchae
1624 5369 1758 5425 Hieroso-

936 5461 1242 5536 lpmituuissstephaui,
1273 5461 1417 5517 fertilitate
1445 5476 1478 5516 ec
1504 5459 1671 5515 necessitate
1700 5473 1758 5514 non

935 5553 1028 5625 ignari
1043 5551 1192 5609 orientalis
1221 5550 1367 5622 roligionis
1390 5551 1423 5622 [t.
1452 5549 1599 5623 rogionis],
1623 5563 1677 5607 uec
1698 5562 1758 5605 non
