<?xml version="1.0" encoding="UTF-8"?>
<!DOCTYPE html PUBLIC "-//W3C//DTD XHTML 1.0 Transitional//EN"
    "http://www.w3.org/TR/xhtml1/DTD/xhtml1-transitional.dtd">
<html xmlns="http://www.w3.org/1999/xhtml" xml:lang="en" lang="en">
 <head>
  <title>
</title>
<meta http-equiv="Content-Type" content="text/html;charset=utf-8" />
  <meta name='ocr-system' content='tesseract 3.04.00' />
  <meta name='ocr-capabilities' content='ocr_page ocr_carea ocr_par ocr_line ocrx_word'/>
</head>
<body>
  <div class='ocr_page' id='page_1' title='image "./patrologiaecurs11goog_0707.png"; bbox 0 0 3788 6000; ppageno 0'>
   <div class='ocr_carea' id='block_1_1' title="bbox 84 192 1796 275">
    <p class='ocr_par' dir='ltr' id='par_1_1' title="bbox 84 192 1796 275">
     <span class='ocr_line' id='line_1_1' title="bbox 84 192 1796 275; baseline -0.011 -2"><span class='ocrx_word' id='word_1_1' title='bbox 84 208 164 275; x_wconf 81' lang='lat' dir='ltr'>tete</span> <span class='ocrx_word' id='word_1_2' title='bbox 585 201 618 263; x_wconf 79' lang='lat' dir='ltr'>S.</span> <span class='ocrx_word' id='word_1_3' title='bbox 640 198 876 262; x_wconf 68' lang='lat' dir='ltr'>STEPHANUS</span> <span class='ocrx_word' id='word_1_4' title='bbox 899 193 1219 257; x_wconf 72' lang='lat' dir='ltr'>accasamentis.</span> <span class='ocrx_word' id='word_1_5' title='bbox 1241 195 1298 257; x_wconf 86' lang='lat' dir='ltr'>ill.</span> <span class='ocrx_word' id='word_1_6' title='bbox 1721 192 1796 254; x_wconf 83' lang='lat' dir='ltr'>rtet</span> 
     </span>
    </p>
   </div>
   <div class='ocr_carea' id='block_1_2' title="bbox 87 320 1846 5442">
    <p class='ocr_par' dir='ltr' id='par_1_2' title="bbox 87 320 1846 855">
     <span class='ocr_line' id='line_1_2' title="bbox 87 320 1846 412; baseline -0.01 -12"><span class='ocrx_word' id='word_1_7' title='bbox 87 346 155 401; x_wconf 86' lang='lat' dir='ltr'>dam</span> <span class='ocrx_word' id='word_1_8' title='bbox 171 340 377 412; x_wconf 81' lang='lat' dir='ltr'>postoetaram</span> <span class='ocrx_word' id='word_1_9' title='bbox 388 333 527 402; x_wconf 73' lang='lat' dir='ltr'>Paschae,</span> <span class='ocrx_word' id='word_1_10' title='bbox 541 330 614 388; x_wconf 90' lang='lat' dir='ltr'>nibil</span> <span class='ocrx_word' id='word_1_11' title='bbox 631 335 735 404; x_wconf 89' lang='lat' dir='ltr'>agatur</span> <span class='ocrx_word' id='word_1_12' title='bbox 745 347 796 404; x_wconf 94' lang='lat' dir='ltr'>pro</span> <span class='ocrx_word' id='word_1_13' title='bbox 807 329 912 386; x_wconf 89' lang='lat' dir='ltr'>delun·</span> <span class='ocrx_word' id='word_1_14' title='bbox 926 334 951 399; x_wconf 69' lang='grc' dir='ltr'><strong>Α</strong></span> <span class='ocrx_word' id='word_1_15' title='bbox 968 328 1092 386; x_wconf 85' lang='lat' dir='ltr'>iaciant:</span> <span class='ocrx_word' id='word_1_16' title='bbox 1108 328 1282 402; x_wconf 89' lang='lat' dir='ltr'>incipientes</span> <span class='ocrx_word' id='word_1_17' title='bbox 1296 327 1334 385; x_wconf 89' lang='lat' dir='ltr'>ab</span> <span class='ocrx_word' id='word_1_18' title='bbox 1347 326 1422 385; x_wconf 85' lang='lat' dir='ltr'>ostlo</span> <span class='ocrx_word' id='word_1_19' title='bbox 1436 325 1566 384; x_wconf 77' lang='lat' dir='ltr'>ecclesiae</span> <span class='ocrx_word' id='word_1_20' title='bbox 1580 340 1642 399; x_wconf 89' lang='lat' dir='ltr'>quc</span> <span class='ocrx_word' id='word_1_21' title='bbox 1657 326 1796 384; x_wconf 85' lang='lat' dir='ltr'>monachi</span> <span class='ocrx_word' id='word_1_22' title='bbox 1843 320 1846 333; x_wconf 88' lang='lat'>&#39;</span> 
     </span>
     <span class='ocr_line' id='line_1_3' title="bbox 90 415 1795 498; baseline -0.006 -12"><span class='ocrx_word' id='word_1_23' title='bbox 90 431 164 497; x_wconf 89' lang='lat' dir='ltr'>ctis;</span> <span class='ocrx_word' id='word_1_24' title='bbox 186 433 307 498; x_wconf 83' lang='lat' dir='ltr'>excepta</span> <span class='ocrx_word' id='word_1_25' title='bbox 321 423 493 497; x_wconf 86' lang='lat' dir='ltr'>quotidiana</span> <span class='ocrx_word' id='word_1_26' title='bbox 521 421 622 489; x_wconf 86' lang='lat' dir='ltr'>missa,</span> <span class='ocrx_word' id='word_1_27' title='bbox 637 437 725 492; x_wconf 92' lang='lat' dir='ltr'>quam</span> <span class='ocrx_word' id='word_1_28' title='bbox 749 425 847 475; x_wconf 87' lang='lat' dir='ltr'>tamen</span> <span class='ocrx_word' id='word_1_29' title='bbox 872 419 916 474; x_wconf 90' lang='lat' dir='ltr'>in·</span> <span class='ocrx_word' id='word_1_30' title='bbox 968 421 1048 476; x_wconf 83' lang='lat' dir='ltr'>crire</span> <span class='ocrx_word' id='word_1_31' title='bbox 1059 423 1088 476; x_wconf 88' lang='lat' dir='ltr'>et</span> <span class='ocrx_word' id='word_1_32' title='bbox 1102 419 1263 476; x_wconf 84' lang='lat' dir='ltr'>claustrum</span> <span class='ocrx_word' id='word_1_33' title='bbox 1280 419 1390 475; x_wconf 91' lang='lat' dir='ltr'>intrare</span> <span class='ocrx_word' id='word_1_34' title='bbox 1405 415 1587 475; x_wconf 82' lang='lat' dir='ltr'>solentiiass</span> <span class='ocrx_word' id='word_1_35' title='bbox 1604 416 1795 475; x_wconf 86' lang='lat' dir='ltr'>etlinteasen</span> 
     </span>
     <span class='ocr_line' id='line_1_4' title="bbox 89 507 1843 582; baseline -0.006 -7"><span class='ocrx_word' id='word_1_36' title='bbox 89 516 279 575; x_wconf 90' lang='lat' dir='ltr'>termittimus</span> <span class='ocrx_word' id='word_1_37' title='bbox 294 515 325 570; x_wconf 90' lang='lat' dir='ltr'>in</span> <span class='ocrx_word' id='word_1_38' title='bbox 336 515 384 569; x_wconf 89' lang='lat' dir='ltr'>dio</span> <span class='ocrx_word' id='word_1_39' title='bbox 395 515 551 569; x_wconf 84' lang='lat' dir='ltr'>Parascere</span> <span class='ocrx_word' id='word_1_40' title='bbox 562 516 591 566; x_wconf 91' lang='lat' dir='ltr'>et</span> <span class='ocrx_word' id='word_1_41' title='bbox 603 511 739 582; x_wconf 74' lang='lat' dir='ltr'>sequenti</span> <span class='ocrx_word' id='word_1_42' title='bbox 750 509 875 565; x_wconf 82' lang='lat' dir='ltr'>Sabbata</span> <span class='ocrx_word' id='word_1_43' title='bbox 887 512 917 563; x_wconf 89' lang='lat' dir='ltr'>et</span> <span class='ocrx_word' id='word_1_44' title='bbox 968 511 1092 566; x_wconf 89' lang='lat' dir='ltr'>tersoria</span> <span class='ocrx_word' id='word_1_45' title='bbox 1108 514 1141 566; x_wconf 92' lang='lat' dir='ltr'>ad</span> <span class='ocrx_word' id='word_1_46' title='bbox 1162 511 1335 566; x_wconf 81' lang='lat' dir='ltr'>blandratum</span> <span class='ocrx_word' id='word_1_47' title='bbox 1349 507 1525 577; x_wconf 78' lang='lat' dir='ltr'>necessaris,</span> <span class='ocrx_word' id='word_1_48' title='bbox 1541 522 1715 581; x_wconf 85' lang='lat' dir='ltr'>aquamque</span> <span class='ocrx_word' id='word_1_49' title='bbox 1729 508 1795 564; x_wconf 92' lang='lat' dir='ltr'>csli·</span> <span class='ocrx_word' id='word_1_50' title='bbox 1840 524 1843 529; x_wconf 90' lang='lat'>·</span> 
     </span>
     <span class='ocr_line' id='line_1_5' title="bbox 90 546 1846 676; baseline -0.007 -12"><span class='ocrx_word' id='word_1_51' title='bbox 90 608 138 664; x_wconf 89' lang='lat' dir='ltr'>die</span> <span class='ocrx_word' id='word_1_52' title='bbox 153 606 279 672; x_wconf 77' lang='lat' dir='ltr'>Pascha,</span> <span class='ocrx_word' id='word_1_53' title='bbox 291 605 320 659; x_wconf 92' lang='lat' dir='ltr'>in</span> <span class='ocrx_word' id='word_1_54' title='bbox 338 620 396 676; x_wconf 89' lang='lat' dir='ltr'>qua</span> <span class='ocrx_word' id='word_1_55' title='bbox 411 608 508 658; x_wconf 90' lang='lat' dir='ltr'>tamen</span> <span class='ocrx_word' id='word_1_56' title='bbox 525 601 572 656; x_wconf 84' lang='lat' dir='ltr'>die</span> <span class='ocrx_word' id='word_1_57' title='bbox 587 598 833 656; x_wconf 73' lang='lat' dir='ltr'>hebdomadarius</span> <span class='ocrx_word' id='word_1_58' title='bbox 844 613 919 667; x_wconf 89' lang='lat' dir='ltr'>quo·</span> <span class='ocrx_word' id='word_1_59' title='bbox 970 599 1037 655; x_wconf 89' lang='lat' dir='ltr'>darn</span> <span class='ocrx_word' id='word_1_60' title='bbox 1062 597 1133 655; x_wconf 91' lang='lat' dir='ltr'>illuc</span> <span class='ocrx_word' id='word_1_61' title='bbox 1149 598 1291 668; x_wconf 84' lang='lat' dir='ltr'>deterant,</span> <span class='ocrx_word' id='word_1_62' title='bbox 1313 603 1341 654; x_wconf 87' lang='lat' dir='ltr'>et</span> <span class='ocrx_word' id='word_1_63' title='bbox 1356 597 1456 654; x_wconf 89' lang='lat' dir='ltr'>omnia</span> <span class='ocrx_word' id='word_1_64' title='bbox 1470 597 1606 654; x_wconf 85' lang='lat' dir='ltr'>ordinate</span> <span class='ocrx_word' id='word_1_65' title='bbox 1625 598 1794 671; x_wconf 86' lang='lat' dir='ltr'>disponant,</span> <span class='ocrx_word' id='word_1_66' title='bbox 1840 546 1846 663; x_wconf 65' lang='lat' dir='ltr'>l,</span> 
     </span>
     <span class='ocr_line' id='line_1_6' title="bbox 90 685 1796 762; baseline -0.005 -9"><span class='ocrx_word' id='word_1_67' title='bbox 90 697 208 753; x_wconf 83' lang='lat' dir='ltr'>tidiana</span> <span class='ocrx_word' id='word_1_68' title='bbox 229 696 458 751; x_wconf 84' lang='lat' dir='ltr'>missaoantans</span> <span class='ocrx_word' id='word_1_69' title='bbox 475 688 832 748; x_wconf 86' lang='lat' dir='ltr'>dellesurrectionedieat</span> <span class='ocrx_word' id='word_1_70' title='bbox 853 685 917 743; x_wconf 83' lang='lat' dir='ltr'>Gol·</span> <span class='ocrx_word' id='word_1_71' title='bbox 970 705 1120 762; x_wconf 81' lang='lat' dir='ltr'>quercea</span> <span class='ocrx_word' id='word_1_72' title='bbox 1144 692 1173 746; x_wconf 89' lang='lat' dir='ltr'>et</span> <span class='ocrx_word' id='word_1_73' title='bbox 1198 696 1298 746; x_wconf 83' lang='lat' dir='ltr'>catera</span> <span class='ocrx_word' id='word_1_74' title='bbox 1332 688 1499 745; x_wconf 82' lang='lat' dir='ltr'>necessaris</span> <span class='ocrx_word' id='word_1_75' title='bbox 1526 686 1699 745; x_wconf 72' lang='lat' dir='ltr'><strong>cellararius</strong></span> <span class='ocrx_word' id='word_1_76' title='bbox 1733 704 1796 761; x_wconf 89' lang='lat' dir='ltr'>pro·</span> 
     </span>
     <span class='ocr_line' id='line_1_7' title="bbox 92 776 1076 855; baseline -0.007 -13"><span class='ocrx_word' id='word_1_77' title='bbox 92 785 211 855; x_wconf 87' lang='lat' dir='ltr'>lectam,</span> <span class='ocrx_word' id='word_1_78' title='bbox 226 785 345 852; x_wconf 82' lang='lat' dir='ltr'>lactine,</span> <span class='ocrx_word' id='word_1_79' title='bbox 366 781 490 850; x_wconf 82' lang='lat' dir='ltr'>Domine,</span> <span class='ocrx_word' id='word_1_80' title='bbox 507 787 535 837; x_wconf 92' lang='lat' dir='ltr'>et</span> <span class='ocrx_word' id='word_1_81' title='bbox 551 780 575 836; x_wconf 92' lang='lat' dir='ltr'>si</span> <span class='ocrx_word' id='word_1_82' title='bbox 590 779 795 837; x_wconf 73' lang='lat' dir='ltr'>&#39;tricenarium</span> <span class='ocrx_word' id='word_1_83' title='bbox 820 776 918 848; x_wconf 90' lang='lat' dir='ltr'>luerit,</span> <span class='ocrx_word' id='word_1_84' title='bbox 970 778 1076 835; x_wconf 82' lang='lat' dir='ltr'>videat.</span> 
     </span>
    </p>

    <p class='ocr_par' dir='ltr' id='par_1_3' title="bbox 94 866 1794 946">
     <span class='ocr_line' id='line_1_8' title="bbox 94 866 1794 946; baseline -0.005 -16"><span class='ocrx_word' id='word_1_85' title='bbox 94 875 266 946; x_wconf 75' lang='lat' dir='ltr'>subjungat,</span> <span class='ocrx_word' id='word_1_86' title='bbox 283 877 356 928; x_wconf 82' lang='lat' dir='ltr'>Deus</span> <span class='ocrx_word' id='word_1_87' title='bbox 371 871 419 927; x_wconf 83' lang='lat' dir='ltr'>cai</span> <span class='ocrx_word' id='word_1_88' title='bbox 432 885 577 942; x_wconf 76' lang='lat' dir='ltr'>propriam</span> <span class='ocrx_word' id='word_1_89' title='bbox 592 871 642 924; x_wconf 82' lang='lat' dir='ltr'>est.</span> <span class='ocrx_word' id='word_1_90' title='bbox 1007 869 1089 925; x_wconf 84' lang='lat' dir='ltr'>Dicta</span> <span class='ocrx_word' id='word_1_91' title='bbox 1103 884 1170 925; x_wconf 87' lang='lat' dir='ltr'>raro</span> <span class='ocrx_word' id='word_1_92' title='bbox 1181 868 1264 926; x_wconf 84' lang='lat' dir='ltr'>Noua</span> <span class='ocrx_word' id='word_1_93' title='bbox 1279 873 1383 924; x_wconf 83' lang='lat' dir='ltr'>exeant</span> <span class='ocrx_word' id='word_1_94' title='bbox 1399 868 1502 926; x_wconf 89' lang='lat' dir='ltr'>iratres</span> <span class='ocrx_word' id='word_1_95' title='bbox 1516 868 1552 925; x_wconf 90' lang='lat' dir='ltr'>de</span> <span class='ocrx_word' id='word_1_96' title='bbox 1571 866 1709 936; x_wconf 89' lang='lat' dir='ltr'>ecclesia,</span> <span class='ocrx_word' id='word_1_97' title='bbox 1726 868 1794 924; x_wconf 89' lang='lat' dir='ltr'>inci·</span> 
     </span>
    </p>

    <p class='ocr_par' dir='ltr' id='par_1_4' title="bbox 95 954 1798 2382">
     <span class='ocr_line' id='line_1_9' title="bbox 132 954 1793 1035; baseline -0.003 -15"><span class='ocrx_word' id='word_1_98' title='bbox 132 964 214 1020; x_wconf 83' lang='lat' dir='ltr'>Faria</span> <span class='ocrx_word' id='word_1_99' title='bbox 239 962 343 1035; x_wconf 89' lang='lat' dir='ltr'>quinta</span> <span class='ocrx_word' id='word_1_100' title='bbox 358 967 486 1018; x_wconf 84' lang='lat' dir='ltr'>etsexta</span> <span class='ocrx_word' id='word_1_101' title='bbox 500 964 529 1016; x_wconf 87' lang='lat' dir='ltr'>et</span> <span class='ocrx_word' id='word_1_102' title='bbox 554 959 682 1016; x_wconf 85' lang='lat' dir='ltr'>Sabbato</span> <span class='ocrx_word' id='word_1_103' title='bbox 712 954 918 1022; x_wconf 75' lang='lat' dir='ltr'>astoensem,</span> <span class='ocrx_word' id='word_1_104' title='bbox 972 959 1086 1031; x_wconf 80' lang='lat' dir='ltr'><strong>pientes</strong></span> <span class='ocrx_word' id='word_1_105' title='bbox 1101 975 1118 1014; x_wconf 91' lang='lat' dir='ltr'>a</span> <span class='ocrx_word' id='word_1_106' title='bbox 1131 958 1279 1031; x_wconf 77' lang='lat' dir='ltr'>prioribus</span> <span class='ocrx_word' id='word_1_107' title='bbox 1295 973 1328 1014; x_wconf 88' lang='lat' dir='ltr'>eo</span> <span class='ocrx_word' id='word_1_108' title='bbox 1344 957 1447 1015; x_wconf 82' lang='lat' dir='ltr'>ordine</span> <span class='ocrx_word' id='word_1_109' title='bbox 1463 974 1521 1031; x_wconf 92' lang='lat' dir='ltr'>quo</span> <span class='ocrx_word' id='word_1_110' title='bbox 1536 960 1654 1031; x_wconf 78' lang='lat' dir='ltr'>priuatis</span> <span class='ocrx_word' id='word_1_111' title='bbox 1664 958 1793 1015; x_wconf 78' lang='lat' dir='ltr'>dictaret</span> 
     </span>
     <span class='ocr_line' id='line_1_10' title="bbox 95 1046 1791 1127; baseline -0.004 -17"><span class='ocrx_word' id='word_1_112' title='bbox 95 1058 253 1127; x_wconf 75' lang='lat' dir='ltr'>postquam</span> <span class='ocrx_word' id='word_1_113' title='bbox 270 1056 414 1108; x_wconf 88' lang='lat' dir='ltr'>nocturna</span> <span class='ocrx_word' id='word_1_114' title='bbox 440 1049 505 1106; x_wconf 86' lang='lat' dir='ltr'>laus</span> <span class='ocrx_word' id='word_1_115' title='bbox 520 1053 638 1121; x_wconf 76' lang='lat' dir='ltr'>peracta</span> <span class='ocrx_word' id='word_1_116' title='bbox 652 1046 748 1113; x_wconf 88' lang='lat' dir='ltr'>luerit,</span> <span class='ocrx_word' id='word_1_117' title='bbox 762 1055 789 1102; x_wconf 87' lang='lat' dir='ltr'>et</span> <span class='ocrx_word' id='word_1_118' title='bbox 815 1047 920 1100; x_wconf 87' lang='lat' dir='ltr'>tratres</span> <span class='ocrx_word' id='word_1_119' title='bbox 973 1050 1004 1104; x_wconf 88' lang='lat' dir='ltr'>in</span> <span class='ocrx_word' id='word_1_120' title='bbox 1017 1047 1062 1104; x_wconf 86' lang='lat' dir='ltr'>dis</span> <span class='ocrx_word' id='word_1_121' title='bbox 1073 1048 1182 1104; x_wconf 80' lang='lat' dir='ltr'>Natalis</span> <span class='ocrx_word' id='word_1_122' title='bbox 1198 1048 1318 1114; x_wconf 79' lang='lat' dir='ltr'><strong><em>Domini,</em></strong></span> <span class='ocrx_word' id='word_1_123' title='bbox 1334 1048 1443 1106; x_wconf 86' lang='lat' dir='ltr'>scilicet</span> <span class='ocrx_word' id='word_1_124' title='bbox 1457 1065 1536 1106; x_wconf 90' lang='lat' dir='ltr'>unus</span> <span class='ocrx_word' id='word_1_125' title='bbox 1551 1056 1616 1121; x_wconf 85' lang='lat' dir='ltr'>post</span> <span class='ocrx_word' id='word_1_126' title='bbox 1633 1065 1738 1115; x_wconf 90' lang='lat' dir='ltr'>unum,</span> <span class='ocrx_word' id='word_1_127' title='bbox 1749 1065 1791 1105; x_wconf 84' lang='lat' dir='ltr'>rs·</span> 
     </span>
     <span class='ocr_line' id='line_1_11' title="bbox 96 1135 1792 1207; baseline -0.004 -5"><span class='ocrx_word' id='word_1_128' title='bbox 96 1144 133 1202; x_wconf 89' lang='lat' dir='ltr'>sd</span> <span class='ocrx_word' id='word_1_129' title='bbox 145 1141 303 1199; x_wconf 86' lang='lat' dir='ltr'>luminaria</span> <span class='ocrx_word' id='word_1_130' title='bbox 317 1140 347 1197; x_wconf 87' lang='lat' dir='ltr'>in</span> <span class='ocrx_word' id='word_1_131' title='bbox 364 1139 492 1196; x_wconf 87' lang='lat' dir='ltr'>claustro</span> <span class='ocrx_word' id='word_1_132' title='bbox 504 1138 674 1207; x_wconf 88' lang='lat' dir='ltr'>sederint,et</span> <span class='ocrx_word' id='word_1_133' title='bbox 683 1135 807 1193; x_wconf 85' lang='lat' dir='ltr'>sacrista</span> <span class='ocrx_word' id='word_1_134' title='bbox 816 1136 921 1191; x_wconf 82' lang='lat' dir='ltr'>ricerii</span> <span class='ocrx_word' id='word_1_135' title='bbox 974 1138 1049 1193; x_wconf 88' lang='lat' dir='ltr'>dunt</span> <span class='ocrx_word' id='word_1_136' title='bbox 1065 1138 1094 1194; x_wconf 92' lang='lat' dir='ltr'>in</span> <span class='ocrx_word' id='word_1_137' title='bbox 1110 1137 1291 1207; x_wconf 86' lang='lat' dir='ltr'>capitulum:</span> <span class='ocrx_word' id='word_1_138' title='bbox 1314 1139 1355 1194; x_wconf 87' lang='lat' dir='ltr'>lta</span> <span class='ocrx_word' id='word_1_139' title='bbox 1380 1143 1412 1194; x_wconf 94' lang='lat' dir='ltr'>ut</span> <span class='ocrx_word' id='word_1_140' title='bbox 1434 1139 1525 1196; x_wconf 87' lang='lat' dir='ltr'>abbas</span> <span class='ocrx_word' id='word_1_141' title='bbox 1544 1154 1648 1196; x_wconf 89' lang='lat' dir='ltr'>omnes</span> <span class='ocrx_word' id='word_1_142' title='bbox 1667 1143 1792 1195; x_wconf 84' lang='lat' dir='ltr'>transeat</span> 
     </span>
     <span class='ocr_line' id='line_1_12' title="bbox 97 1225 1793 1303; baseline -0.001 -15"><span class='ocrx_word' id='word_1_143' title='bbox 97 1230 250 1288; x_wconf 86' lang='lat' dir='ltr'>advenisse</span> <span class='ocrx_word' id='word_1_144' title='bbox 267 1235 393 1302; x_wconf 83' lang='lat' dir='ltr'>tempus,</span> <span class='ocrx_word' id='word_1_145' title='bbox 412 1246 470 1301; x_wconf 90' lang='lat' dir='ltr'>quo</span> <span class='ocrx_word' id='word_1_146' title='bbox 485 1226 656 1300; x_wconf 76' lang='lat' dir='ltr'>regulariter</span> <span class='ocrx_word' id='word_1_147' title='bbox 671 1227 728 1298; x_wconf 69' lang='lat'><strong>(25)</strong></span> <span class='ocrx_word' id='word_1_148' title='bbox 750 1226 828 1282; x_wconf 92' lang='lat' dir='ltr'>circa</span> <span class='ocrx_word' id='word_1_149' title='bbox 842 1225 921 1281; x_wconf 86' lang='lat' dir='ltr'>diem</span> <span class='ocrx_word' id='word_1_150' title='bbox 975 1245 1118 1302; x_wconf 85' lang='lat' dir='ltr'>pauperes</span> <span class='ocrx_word' id='word_1_151' title='bbox 1135 1245 1228 1303; x_wconf 90' lang='lat' dir='ltr'>usque</span> <span class='ocrx_word' id='word_1_152' title='bbox 1244 1229 1280 1285; x_wconf 91' lang='lat' dir='ltr'>ad</span> <span class='ocrx_word' id='word_1_153' title='bbox 1294 1228 1442 1297; x_wconf 89' lang='lat' dir='ltr'>ultimum,</span> <span class='ocrx_word' id='word_1_154' title='bbox 1459 1233 1488 1286; x_wconf 89' lang='lat' dir='ltr'>at</span> <span class='ocrx_word' id='word_1_155' title='bbox 1504 1231 1674 1287; x_wconf 87' lang='lat' dir='ltr'>mandatnm</span> <span class='ocrx_word' id='word_1_156' title='bbox 1692 1230 1793 1288; x_wconf 86' lang='lat' dir='ltr'>iaciant</span> 
     </span>
     <span class='ocr_line' id='line_1_13' title="bbox 99 1316 1793 1391; baseline 0 -13"><span class='ocrx_word' id='word_1_157' title='bbox 99 1322 212 1379; x_wconf 84' lang='lat' dir='ltr'>Laudes</span> <span class='ocrx_word' id='word_1_158' title='bbox 227 1324 297 1377; x_wconf 86' lang='lat' dir='ltr'>runt</span> <span class='ocrx_word' id='word_1_159' title='bbox 317 1319 453 1376; x_wconf 79' lang='lat' dir='ltr'>canende</span> <span class='ocrx_word' id='word_1_160' title='bbox 470 1334 476 1372; x_wconf 89' lang='lat'>:</span> <span class='ocrx_word' id='word_1_161' title='bbox 491 1317 644 1374; x_wconf 80' lang='lat' dir='ltr'>catrdelctn</span> <span class='ocrx_word' id='word_1_162' title='bbox 662 1332 751 1372; x_wconf 71' lang='lat' dir='ltr'>unam</span> <span class='ocrx_word' id='word_1_163' title='bbox 768 1316 920 1382; x_wconf 66' lang='lat' dir='ltr'>accendat,</span> <span class='ocrx_word' id='word_1_164' title='bbox 974 1319 1004 1377; x_wconf 92' lang='lat' dir='ltr'>ln</span> <span class='ocrx_word' id='word_1_165' title='bbox 1020 1319 1150 1375; x_wconf 89' lang='lat' dir='ltr'>clanstro</span> <span class='ocrx_word' id='word_1_166' title='bbox 1167 1320 1355 1391; x_wconf 90' lang='lat' dir='ltr'>pauperibus.</span> <span class='ocrx_word' id='word_1_167' title='bbox 1370 1319 1456 1375; x_wconf 84' lang='lat' dir='ltr'>Porro</span> <span class='ocrx_word' id='word_1_168' title='bbox 1474 1321 1577 1377; x_wconf 89' lang='lat' dir='ltr'>iratres</span> <span class='ocrx_word' id='word_1_169' title='bbox 1588 1319 1706 1383; x_wconf 90' lang='lat' dir='ltr'>lalci,nt</span> <span class='ocrx_word' id='word_1_170' title='bbox 1720 1319 1793 1378; x_wconf 87' lang='lat' dir='ltr'>illins</span> 
     </span>
     <span class='ocr_line' id='line_1_14' title="bbox 99 1403 1795 1482; baseline 0.002 -20"><span class='ocrx_word' id='word_1_171' title='bbox 99 1428 133 1468; x_wconf 79' lang='lat' dir='ltr'>aa</span> <span class='ocrx_word' id='word_1_172' title='bbox 146 1412 176 1466; x_wconf 88' lang='lat' dir='ltr'>in</span> <span class='ocrx_word' id='word_1_173' title='bbox 193 1411 289 1482; x_wconf 89' lang='lat' dir='ltr'>primo</span> <span class='ocrx_word' id='word_1_174' title='bbox 305 1410 397 1481; x_wconf 77' lang='lat' dir='ltr'>gradu</span> <span class='ocrx_word' id='word_1_175' title='bbox 416 1406 590 1480; x_wconf 83' lang='lat' dir='ltr'>presbyterii</span> <span class='ocrx_word' id='word_1_176' title='bbox 610 1422 699 1479; x_wconf 90' lang='lat' dir='ltr'>super</span> <span class='ocrx_word' id='word_1_177' title='bbox 712 1403 920 1462; x_wconf 83' lang='lat' dir='ltr'>candelabrum</span> <span class='ocrx_word' id='word_1_178' title='bbox 976 1408 1067 1466; x_wconf 86' lang='lat' dir='ltr'>sancti</span> <span class='ocrx_word' id='word_1_179' title='bbox 1083 1408 1216 1465; x_wconf 85' lang='lat' dir='ltr'>Mandsti</span> <span class='ocrx_word' id='word_1_180' title='bbox 1230 1415 1434 1479; x_wconf 84' lang='lat' dir='ltr'>cooperatores</span> <span class='ocrx_word' id='word_1_181' title='bbox 1443 1412 1692 1482; x_wconf 84' lang='lat' dir='ltr'>existant,aquam</span> <span class='ocrx_word' id='word_1_182' title='bbox 1710 1415 1795 1468; x_wconf 74' lang='lat' dir='ltr'>atter</span> 
     </span>
     <span class='ocr_line' id='line_1_15' title="bbox 99 1493 1796 1573; baseline 0.001 -18"><span class='ocrx_word' id='word_1_183' title='bbox 99 1504 201 1572; x_wconf 85' lang='lat' dir='ltr'>ponat,</span> <span class='ocrx_word' id='word_1_184' title='bbox 216 1500 330 1571; x_wconf 86' lang='lat' dir='ltr'>sicque,</span> <span class='ocrx_word' id='word_1_185' title='bbox 346 1498 431 1569; x_wconf 88' lang='lat' dir='ltr'>signo</span> <span class='ocrx_word' id='word_1_186' title='bbox 447 1496 519 1552; x_wconf 86' lang='lat' dir='ltr'>teria</span> <span class='ocrx_word' id='word_1_187' title='bbox 534 1496 648 1567; x_wconf 87' lang='lat' dir='ltr'>quinis,</span> <span class='ocrx_word' id='word_1_188' title='bbox 664 1493 746 1552; x_wconf 81' lang='lat' dir='ltr'>Faria</span> <span class='ocrx_word' id='word_1_189' title='bbox 761 1509 828 1550; x_wconf 89' lang='lat' dir='ltr'>vero</span> <span class='ocrx_word' id='word_1_190' title='bbox 844 1496 923 1549; x_wconf 85' lang='lat' dir='ltr'>sexta</span> <span class='ocrx_word' id='word_1_191' title='bbox 975 1497 1214 1556; x_wconf 85' lang='lat' dir='ltr'>soriamonacbis</span> <span class='ocrx_word' id='word_1_192' title='bbox 1228 1498 1399 1555; x_wconf 81' lang='lat' dir='ltr'>Mandatum</span> <span class='ocrx_word' id='word_1_193' title='bbox 1417 1499 1593 1556; x_wconf 85' lang='lat' dir='ltr'>iacientibus</span> <span class='ocrx_word' id='word_1_194' title='bbox 1601 1504 1796 1573; x_wconf 89' lang='lat' dir='ltr'>competenter</span> 
     </span>
     <span class='ocr_line' id='line_1_16' title="bbox 100 1582 1795 1663; baseline 0.001 -19"><span class='ocrx_word' id='word_1_195' title='bbox 100 1595 130 1648; x_wconf 87' lang='lat' dir='ltr'>at</span> <span class='ocrx_word' id='word_1_196' title='bbox 145 1589 271 1646; x_wconf 80' lang='lat' dir='ltr'>sabbato</span> <span class='ocrx_word' id='word_1_197' title='bbox 288 1588 386 1644; x_wconf 88' lang='lat' dir='ltr'>tabule</span> <span class='ocrx_word' id='word_1_198' title='bbox 412 1591 553 1642; x_wconf 85' lang='lat' dir='ltr'>vocentur</span> <span class='ocrx_word' id='word_1_199' title='bbox 576 1584 679 1642; x_wconf 86' lang='lat' dir='ltr'>tratres</span> <span class='ocrx_word' id='word_1_200' title='bbox 691 1585 727 1640; x_wconf 82' lang='lat' dir='ltr'>cd</span> <span class='ocrx_word' id='word_1_201' title='bbox 744 1583 859 1641; x_wconf 83' lang='lat' dir='ltr'>horem.</span> <span class='ocrx_word' id='word_1_202' title='bbox 874 1582 923 1637; x_wconf 83' lang='lat' dir='ltr'>In·</span> <span class='ocrx_word' id='word_1_203' title='bbox 976 1593 1006 1644; x_wconf 91' lang='lat' dir='ltr'>et</span> <span class='ocrx_word' id='word_1_204' title='bbox 1025 1588 1179 1660; x_wconf 88' lang='lat' dir='ltr'>diligenter</span> <span class='ocrx_word' id='word_1_205' title='bbox 1208 1588 1423 1657; x_wconf 76' lang='lat' dir='ltr'>administrent,</span> <span class='ocrx_word' id='word_1_206' title='bbox 1437 1589 1607 1646; x_wconf 76' lang='lat' dir='ltr'>cellararius</span> <span class='ocrx_word' id='word_1_207' title='bbox 1628 1596 1740 1656; x_wconf 89' lang='lat' dir='ltr'>autem,</span> <span class='ocrx_word' id='word_1_208' title='bbox 1751 1591 1795 1663; x_wconf 85' lang='lat' dir='ltr'>qui</span> 
     </span>
     <span class='ocr_line' id='line_1_17' title="bbox 101 1671 1794 1768; baseline -0.001 -32"><span class='ocrx_word' id='word_1_209' title='bbox 101 1680 188 1737; x_wconf 87' lang='lat' dir='ltr'>terim</span> <span class='ocrx_word' id='word_1_210' title='bbox 204 1678 353 1734; x_wconf 85' lang='lat' dir='ltr'>veredum</span> <span class='ocrx_word' id='word_1_211' title='bbox 372 1676 498 1746; x_wconf 81' lang='lat' dir='ltr'>hymnus</span> <span class='ocrx_word' id='word_1_212' title='bbox 514 1674 594 1731; x_wconf 88' lang='lat' dir='ltr'>illius</span> <span class='ocrx_word' id='word_1_213' title='bbox 608 1674 685 1730; x_wconf 80' lang='lat' dir='ltr'>bore</span> <span class='ocrx_word' id='word_1_214' title='bbox 693 1678 810 1729; x_wconf 88' lang='lat' dir='ltr'>canitur</span> <span class='ocrx_word' id='word_1_215' title='bbox 825 1671 925 1729; x_wconf 84' lang='lat' dir='ltr'>omnia</span> <span class='ocrx_word' id='word_1_216' title='bbox 937 1700 963 1768; x_wconf 66' lang='lat' dir='ltr'>B</span> <span class='ocrx_word' id='word_1_217' title='bbox 977 1677 1112 1734; x_wconf 77' lang='lat' dir='ltr'>denarios</span> <span class='ocrx_word' id='word_1_218' title='bbox 1127 1678 1161 1732; x_wconf 86' lang='lat' dir='ltr'>ad</span> <span class='ocrx_word' id='word_1_219' title='bbox 1182 1693 1255 1749; x_wconf 89' lang='lat' dir='ltr'>opus</span> <span class='ocrx_word' id='word_1_220' title='bbox 1272 1694 1433 1751; x_wconf 89' lang='lat' dir='ltr'>pauperum</span> <span class='ocrx_word' id='word_1_221' title='bbox 1448 1678 1598 1735; x_wconf 87' lang='lat' dir='ltr'>monachis</span> <span class='ocrx_word' id='word_1_222' title='bbox 1611 1681 1794 1753; x_wconf 65' lang='lat' dir='ltr'>porrigitu-</span> 
     </span>
     <span class='ocr_line' id='line_1_18' title="bbox 101 1761 1795 1843; baseline 0.004 -23"><span class='ocrx_word' id='word_1_223' title='bbox 101 1767 399 1827; x_wconf 82' lang='lat' dir='ltr'>iuminariaeeclesim</span> <span class='ocrx_word' id='word_1_224' title='bbox 414 1767 599 1823; x_wconf 88' lang='lat' dir='ltr'>asecretario</span> <span class='ocrx_word' id='word_1_225' title='bbox 612 1766 741 1837; x_wconf 82' lang='lat' dir='ltr'>(excepta</span> <span class='ocrx_word' id='word_1_226' title='bbox 756 1762 805 1820; x_wconf 92' lang='lat' dir='ltr'>illa</span> <span class='ocrx_word' id='word_1_227' title='bbox 820 1761 922 1836; x_wconf 83' lang='lat' dir='ltr'>predi·</span> <span class='ocrx_word' id='word_1_228' title='bbox 976 1768 1079 1824; x_wconf 86' lang='lat' dir='ltr'>tremis</span> <span class='ocrx_word' id='word_1_229' title='bbox 1094 1768 1124 1823; x_wconf 93' lang='lat' dir='ltr'>in</span> <span class='ocrx_word' id='word_1_230' title='bbox 1134 1767 1524 1827; x_wconf 78' lang='lat' dir='ltr'>orilinemonnchisinnunt:</span> <span class='ocrx_word' id='word_1_231' title='bbox 1539 1775 1569 1826; x_wconf 91' lang='lat' dir='ltr'>ut</span> <span class='ocrx_word' id='word_1_232' title='bbox 1584 1770 1795 1843; x_wconf 83' lang='lat' dir='ltr'>inparrperibns</span> 
     </span>
     <span class='ocr_line' id='line_1_19' title="bbox 98 1853 1796 1933; baseline 0 -16"><span class='ocrx_word' id='word_1_233' title='bbox 98 1853 924 1927; x_wconf 79' lang='lat' dir='ltr'>ctacandelu)exstinguantur.t)umcantortlntiplronam</span> <span class='ocrx_word' id='word_1_234' title='bbox 977 1857 1163 1913; x_wconf 87' lang='lat' dir='ltr'>intirmorum</span> <span class='ocrx_word' id='word_1_235' title='bbox 1180 1864 1206 1913; x_wconf 89' lang='lat' dir='ltr'>ct</span> <span class='ocrx_word' id='word_1_236' title='bbox 1220 1857 1385 1914; x_wconf 85' lang='lat' dir='ltr'>absentium</span> <span class='ocrx_word' id='word_1_237' title='bbox 1402 1859 1625 1925; x_wconf 89' lang='lat' dir='ltr'>monachorum,</span> <span class='ocrx_word' id='word_1_238' title='bbox 1642 1864 1670 1917; x_wconf 88' lang='lat' dir='ltr'>et</span> <span class='ocrx_word' id='word_1_239' title='bbox 1682 1860 1796 1933; x_wconf 83' lang='lat' dir='ltr'>portarii</span> 
     </span>
     <span class='ocr_line' id='line_1_20' title="bbox 100 1943 1796 2022; baseline 0.001 -14"><span class='ocrx_word' id='word_1_240' title='bbox 100 1952 135 2008; x_wconf 91' lang='lat' dir='ltr'>ad</span> <span class='ocrx_word' id='word_1_241' title='bbox 153 1950 319 2008; x_wconf 81' lang='lat' dir='ltr'>Benedictus</span> <span class='ocrx_word' id='word_1_242' title='bbox 330 1948 584 2020; x_wconf 84' lang='lat' dir='ltr'>inomperit,etiem</span> <span class='ocrx_word' id='word_1_243' title='bbox 596 1945 746 2003; x_wconf 89' lang='lat' dir='ltr'>candelam</span> <span class='ocrx_word' id='word_1_244' title='bbox 759 1943 838 2001; x_wconf 93' lang='lat' dir='ltr'>illam</span> <span class='ocrx_word' id='word_1_245' title='bbox 847 1944 925 1999; x_wconf 90' lang='lat' dir='ltr'>idem</span> <span class='ocrx_word' id='word_1_246' title='bbox 979 1948 1074 2020; x_wconf 90' lang='lat' dir='ltr'>quiin</span> <span class='ocrx_word' id='word_1_247' title='bbox 1104 1947 1206 2004; x_wconf 86' lang='lat' dir='ltr'>ultimo</span> <span class='ocrx_word' id='word_1_248' title='bbox 1231 1949 1336 2005; x_wconf 89' lang='lat' dir='ltr'>ordine</span> <span class='ocrx_word' id='word_1_249' title='bbox 1360 1966 1521 2022; x_wconf 86' lang='lat' dir='ltr'>pauperum</span> <span class='ocrx_word' id='word_1_250' title='bbox 1539 1948 1706 2009; x_wconf 87' lang='lat' dir='ltr'>collocandi</span> <span class='ocrx_word' id='word_1_251' title='bbox 1722 1956 1796 2018; x_wconf 78' lang='lat' dir='ltr'>eunt.</span> 
     </span>
     <span class='ocr_line' id='line_1_21' title="bbox 100 2035 1796 2112; baseline 0 -14"><span class='ocrx_word' id='word_1_252' title='bbox 100 2040 225 2098; x_wconf 88' lang='lat' dir='ltr'>sacrista</span> <span class='ocrx_word' id='word_1_253' title='bbox 236 2038 528 2112; x_wconf 73' lang='lat' dir='ltr'>exstinguatdtdnm</span> <span class='ocrx_word' id='word_1_254' title='bbox 540 2038 829 2103; x_wconf 83' lang='lat' dir='ltr'>abbas,Paternoster</span> <span class='ocrx_word' id='word_1_255' title='bbox 837 2035 924 2091; x_wconf 83' lang='lat' dir='ltr'>inem·</span> <span class='ocrx_word' id='word_1_256' title='bbox 978 2037 1105 2094; x_wconf 84' lang='lat' dir='ltr'>blandati</span> <span class='ocrx_word' id='word_1_257' title='bbox 1116 2038 1245 2094; x_wconf 87' lang='lat' dir='ltr'>cilicium</span> <span class='ocrx_word' id='word_1_258' title='bbox 1256 2037 1436 2110; x_wconf 87' lang='lat' dir='ltr'>adimpleant</span> <span class='ocrx_word' id='word_1_259' title='bbox 1445 2040 1591 2098; x_wconf 89' lang='lat' dir='ltr'>:iullrmis</span> <span class='ocrx_word' id='word_1_260' title='bbox 1599 2041 1636 2098; x_wconf 91' lang='lat' dir='ltr'>de</span> <span class='ocrx_word' id='word_1_261' title='bbox 1647 2042 1796 2098; x_wconf 84' lang='lat' dir='ltr'>infirmita·</span> 
     </span>
     <span class='ocr_line' id='line_1_22' title="bbox 102 2124 1797 2205; baseline 0 -18"><span class='ocrx_word' id='word_1_262' title='bbox 102 2131 178 2204; x_wconf 87' lang='lat' dir='ltr'>perit</span> <span class='ocrx_word' id='word_1_263' title='bbox 192 2131 345 2188; x_wconf 74' lang='lat' dir='ltr'>nandulum</span> <span class='ocrx_word' id='word_1_264' title='bbox 363 2129 591 2199; x_wconf 80' lang='lat' dir='ltr'>ardentemque</span> <span class='ocrx_word' id='word_1_265' title='bbox 607 2133 794 2198; x_wconf 88' lang='lat' dir='ltr'>anteaquam</span> <span class='ocrx_word' id='word_1_266' title='bbox 811 2125 862 2181; x_wconf 90' lang='lat' dir='ltr'>illa</span> <span class='ocrx_word' id='word_1_267' title='bbox 891 2124 926 2180; x_wconf 90' lang='lat' dir='ltr'>ad</span> <span class='ocrx_word' id='word_1_268' title='bbox 979 2127 1081 2199; x_wconf 88' lang='lat' dir='ltr'>rloqui</span> <span class='ocrx_word' id='word_1_269' title='bbox 1098 2127 1202 2184; x_wconf 90' lang='lat' dir='ltr'>adesse</span> <span class='ocrx_word' id='word_1_270' title='bbox 1215 2132 1353 2200; x_wconf 89' lang='lat' dir='ltr'>poterunt</span> <span class='ocrx_word' id='word_1_271' title='bbox 1365 2129 1466 2185; x_wconf 82' lang='lat' dir='ltr'>sedere</span> <span class='ocrx_word' id='word_1_272' title='bbox 1482 2130 1575 2188; x_wconf 89' lang='lat' dir='ltr'>liceat.</span> <span class='ocrx_word' id='word_1_273' title='bbox 1592 2135 1626 2187; x_wconf 82' lang='lat' dir='ltr'>Et</span> <span class='ocrx_word' id='word_1_274' title='bbox 1646 2136 1797 2205; x_wconf 83' lang='lat' dir='ltr'>postquam</span> 
     </span>
     <span class='ocr_line' id='line_1_23' title="bbox 103 2214 1797 2296; baseline 0.001 -17"><span class='ocrx_word' id='word_1_275' title='bbox 103 2219 265 2279; x_wconf 77' lang='lat' dir='ltr'>Benedictus</span> <span class='ocrx_word' id='word_1_276' title='bbox 280 2219 496 2290; x_wconf 85' lang='lat' dir='ltr'>exstinguatur,</span> <span class='ocrx_word' id='word_1_277' title='bbox 513 2219 542 2272; x_wconf 92' lang='lat' dir='ltr'>in</span> <span class='ocrx_word' id='word_1_278' title='bbox 559 2218 703 2273; x_wconf 86' lang='lat' dir='ltr'>absconsa</span> <span class='ocrx_word' id='word_1_279' title='bbox 717 2214 857 2272; x_wconf 87' lang='lat' dir='ltr'>occultari</span> <span class='ocrx_word' id='word_1_280' title='bbox 877 2215 926 2270; x_wconf 89' lang='lat' dir='ltr'>de·</span> <span class='ocrx_word' id='word_1_281' title='bbox 981 2217 1137 2289; x_wconf 89' lang='lat' dir='ltr'>abluerint,</span> <span class='ocrx_word' id='word_1_282' title='bbox 1152 2223 1181 2274; x_wconf 88' lang='lat' dir='ltr'>et</span> <span class='ocrx_word' id='word_1_283' title='bbox 1196 2221 1367 2275; x_wconf 84' lang='lat' dir='ltr'>exterserint</span> <span class='ocrx_word' id='word_1_284' title='bbox 1382 2225 1410 2276; x_wconf 90' lang='lat' dir='ltr'>et</span> <span class='ocrx_word' id='word_1_285' title='bbox 1424 2218 1549 2277; x_wconf 88' lang='lat' dir='ltr'>osculati</span> <span class='ocrx_word' id='word_1_286' title='bbox 1564 2221 1675 2279; x_wconf 87' lang='lat' dir='ltr'>luerint</span> <span class='ocrx_word' id='word_1_287' title='bbox 1690 2239 1797 2296; x_wconf 76' lang='lat' dir='ltr'>paupe·</span> 
     </span>
     <span class='ocr_line' id='line_1_24' title="bbox 105 2305 1798 2382; baseline -0.004 -15"><span class='ocrx_word' id='word_1_288' title='bbox 105 2311 172 2367; x_wconf 90' lang='lat' dir='ltr'>bet:</span> <span class='ocrx_word' id='word_1_289' title='bbox 190 2312 226 2366; x_wconf 90' lang='lat' dir='ltr'>ad</span> <span class='ocrx_word' id='word_1_290' title='bbox 241 2307 396 2366; x_wconf 83' lang='lat' dir='ltr'>collectam</span> <span class='ocrx_word' id='word_1_291' title='bbox 414 2305 569 2362; x_wconf 81' lang='lat' dir='ltr'>dicendam</span> <span class='ocrx_word' id='word_1_292' title='bbox 585 2305 615 2361; x_wconf 91' lang='lat' dir='ltr'>in</span> <span class='ocrx_word' id='word_1_293' title='bbox 631 2305 753 2362; x_wconf 89' lang='lat' dir='ltr'>chorum</span> <span class='ocrx_word' id='word_1_294' title='bbox 771 2305 889 2361; x_wconf 88' lang='lat' dir='ltr'>deierat.</span> <span class='ocrx_word' id='word_1_295' title='bbox 981 2324 1046 2366; x_wconf 83' lang='lat' dir='ltr'>ram</span> <span class='ocrx_word' id='word_1_296' title='bbox 1064 2308 1163 2382; x_wconf 88' lang='lat' dir='ltr'>pedes,</span> <span class='ocrx_word' id='word_1_297' title='bbox 1181 2311 1315 2382; x_wconf 87' lang='lat' dir='ltr'>proprias</span> <span class='ocrx_word' id='word_1_298' title='bbox 1331 2309 1466 2366; x_wconf 80' lang='lat' dir='ltr'>monachi</span> <span class='ocrx_word' id='word_1_299' title='bbox 1484 2327 1591 2370; x_wconf 70' lang='lat' dir='ltr'>manus</span> <span class='ocrx_word' id='word_1_300' title='bbox 1613 2312 1724 2370; x_wconf 70' lang='lat' dir='ltr'>lavent,</span> <span class='ocrx_word' id='word_1_301' title='bbox 1747 2313 1798 2370; x_wconf 72' lang='lat' dir='ltr'>flor</span> 
     </span>
    </p>

    <p class='ocr_par' dir='ltr' id='par_1_5' title="bbox 341 2394 1801 2568">
     <span class='ocr_line' id='line_1_25' title="bbox 414 2394 1798 2479; baseline 0.007 -27"><span class='ocrx_word' id='word_1_302' title='bbox 414 2395 530 2453; x_wconf 79' lang='lat' dir='ltr'>CAPUT</span> <span class='ocrx_word' id='word_1_303' title='bbox 543 2394 615 2453; x_wconf 83' lang='lat' dir='ltr'>xxi.</span> <span class='ocrx_word' id='word_1_304' title='bbox 981 2399 1095 2472; x_wconf 84' lang='lat' dir='ltr'>expleto</span> <span class='ocrx_word' id='word_1_305' title='bbox 1111 2417 1129 2457; x_wconf 90' lang='lat' dir='ltr'>a</span> <span class='ocrx_word' id='word_1_306' title='bbox 1144 2399 1271 2473; x_wconf 91' lang='lat' dir='ltr'>singulis</span> <span class='ocrx_word' id='word_1_307' title='bbox 1281 2401 1421 2459; x_wconf 80' lang='lat' dir='ltr'>iratribus</span> <span class='ocrx_word' id='word_1_308' title='bbox 1432 2403 1540 2477; x_wconf 81' lang='lat' dir='ltr'>singuli</span> <span class='ocrx_word' id='word_1_309' title='bbox 1553 2405 1669 2461; x_wconf 88' lang='lat' dir='ltr'>nummi</span> <span class='ocrx_word' id='word_1_310' title='bbox 1680 2404 1798 2479; x_wconf 80' lang='lat' dir='ltr'>singulis</span> 
     </span>
     <span class='ocr_line' id='line_1_26' title="bbox 341 2483 1801 2568; baseline 0.005 -26"><span class='ocrx_word' id='word_1_311' title='bbox 341 2488 407 2543; x_wconf 84' lang='lat' dir='ltr'>ltem</span> <span class='ocrx_word' id='word_1_312' title='bbox 421 2487 454 2542; x_wconf 82' lang='lat' dir='ltr'>de</span> <span class='ocrx_word' id='word_1_313' title='bbox 471 2485 550 2542; x_wconf 73' lang='lat' dir='ltr'>uero</span> <span class='ocrx_word' id='word_1_314' title='bbox 566 2483 686 2543; x_wconf 81' lang='lat' dir='ltr'>llomirri.</span> <span class='ocrx_word' id='word_1_315' title='bbox 981 2490 1088 2546; x_wconf 90' lang='lat' dir='ltr'>dentur</span> <span class='ocrx_word' id='word_1_316' title='bbox 1102 2491 1293 2562; x_wconf 85' lang='lat' dir='ltr'>pauperibus.</span> <span class='ocrx_word' id='word_1_317' title='bbox 1310 2490 1363 2558; x_wconf 89' lang='lat' dir='ltr'>Qui</span> <span class='ocrx_word' id='word_1_318' title='bbox 1376 2493 1487 2548; x_wconf 86' lang='lat' dir='ltr'>denarii</span> <span class='ocrx_word' id='word_1_319' title='bbox 1499 2493 1582 2550; x_wconf 86' lang='lat' dir='ltr'>llexis</span> <span class='ocrx_word' id='word_1_320' title='bbox 1596 2494 1726 2568; x_wconf 80' lang='lat' dir='ltr'>genibus</span> <span class='ocrx_word' id='word_1_321' title='bbox 1739 2497 1801 2552; x_wconf 90' lang='lat' dir='ltr'>sunt</span> 
     </span>
    </p>

    <p class='ocr_par' dir='ltr' id='par_1_6' title="bbox 108 2576 1823 4718">
     <span class='ocr_line' id='line_1_27' title="bbox 141 2576 1800 2653; baseline 0.001 -15"><span class='ocrx_word' id='word_1_322' title='bbox 141 2580 224 2638; x_wconf 82' lang='lat' dir='ltr'>Faria</span> <span class='ocrx_word' id='word_1_323' title='bbox 235 2578 340 2651; x_wconf 88' lang='lat' dir='ltr'>quinta</span> <span class='ocrx_word' id='word_1_324' title='bbox 359 2582 426 2634; x_wconf 86' lang='lat' dir='ltr'>ente</span> <span class='ocrx_word' id='word_1_325' title='bbox 440 2576 566 2646; x_wconf 87' lang='lat' dir='ltr'>Pascha,</span> <span class='ocrx_word' id='word_1_326' title='bbox 578 2576 671 2634; x_wconf 89' lang='lat' dir='ltr'>missa</span> <span class='ocrx_word' id='word_1_327' title='bbox 689 2576 852 2633; x_wconf 82' lang='lat' dir='ltr'>celebretur</span> <span class='ocrx_word' id='word_1_328' title='bbox 866 2582 930 2649; x_wconf 91' lang='lat' dir='ltr'>post</span> <span class='ocrx_word' id='word_1_329' title='bbox 983 2578 1092 2635; x_wconf 88' lang='lat' dir='ltr'>dandi:</span> <span class='ocrx_word' id='word_1_330' title='bbox 1107 2584 1137 2635; x_wconf 91' lang='lat' dir='ltr'>et</span> <span class='ocrx_word' id='word_1_331' title='bbox 1151 2595 1257 2637; x_wconf 88' lang='lat' dir='ltr'>manus</span> <span class='ocrx_word' id='word_1_332' title='bbox 1273 2598 1434 2653; x_wconf 88' lang='lat' dir='ltr'>pauperum</span> <span class='ocrx_word' id='word_1_333' title='bbox 1448 2583 1800 2643; x_wconf 81' lang='lat' dir='ltr'>osculanda.Pcstesrero</span> 
     </span>
     <span class='ocr_line' id='line_1_28' title="bbox 108 2664 1801 2746; baseline 0 -20"><span class='ocrx_word' id='word_1_334' title='bbox 108 2666 411 2744; x_wconf 89' lang='lat' dir='ltr'>primamsolemniter</span> <span class='ocrx_word' id='word_1_335' title='bbox 421 2677 451 2724; x_wconf 90' lang='lat' dir='ltr'>ut</span> <span class='ocrx_word' id='word_1_336' title='bbox 462 2667 491 2723; x_wconf 91' lang='lat' dir='ltr'>in</span> <span class='ocrx_word' id='word_1_337' title='bbox 501 2665 590 2722; x_wconf 90' lang='lat' dir='ltr'>natali</span> <span class='ocrx_word' id='word_1_338' title='bbox 601 2664 821 2739; x_wconf 83' lang='lat' dir='ltr'>nniusapostoli</span> <span class='ocrx_word' id='word_1_339' title='bbox 830 2664 930 2722; x_wconf 88' lang='lat' dir='ltr'>etsina</span> <span class='ocrx_word' id='word_1_340' title='bbox 983 2668 1073 2726; x_wconf 90' lang='lat' dir='ltr'>simul</span> <span class='ocrx_word' id='word_1_341' title='bbox 1089 2684 1121 2725; x_wconf 90' lang='lat' dir='ltr'>se</span> <span class='ocrx_word' id='word_1_342' title='bbox 1140 2669 1254 2743; x_wconf 86' lang='lat' dir='ltr'>erigant</span> <span class='ocrx_word' id='word_1_343' title='bbox 1279 2664 1393 2738; x_wconf 86' lang='lat' dir='ltr'>iratres,</span> <span class='ocrx_word' id='word_1_344' title='bbox 1410 2671 1578 2746; x_wconf 88' lang='lat' dir='ltr'>iterumque</span> <span class='ocrx_word' id='word_1_345' title='bbox 1600 2676 1718 2732; x_wconf 85' lang='lat' dir='ltr'>reniam</span> <span class='ocrx_word' id='word_1_346' title='bbox 1743 2680 1801 2732; x_wconf 84' lang='lat' dir='ltr'>sate</span> 
     </span>
     <span class='ocr_line' id='line_1_29' title="bbox 109 2755 1801 2835; baseline -0.001 -16"><span class='ocrx_word' id='word_1_347' title='bbox 109 2760 232 2820; x_wconf 83' lang='lat' dir='ltr'>llexione</span> <span class='ocrx_word' id='word_1_348' title='bbox 247 2774 401 2833; x_wconf 89' lang='lat' dir='ltr'>genuum:</span> <span class='ocrx_word' id='word_1_349' title='bbox 422 2771 584 2828; x_wconf 87' lang='lat' dir='ltr'>omnesque</span> <span class='ocrx_word' id='word_1_350' title='bbox 607 2760 669 2813; x_wconf 92' lang='lat' dir='ltr'>tam</span> <span class='ocrx_word' id='word_1_351' title='bbox 696 2755 827 2814; x_wconf 81' lang='lat' dir='ltr'>conversi</span> <span class='ocrx_word' id='word_1_352' title='bbox 842 2771 931 2828; x_wconf 86' lang='lat' dir='ltr'>quam</span> <span class='ocrx_word' id='word_1_353' title='bbox 984 2772 1126 2830; x_wconf 86' lang='lat' dir='ltr'>pauperes</span> <span class='ocrx_word' id='word_1_354' title='bbox 1141 2761 1272 2829; x_wconf 90' lang='lat' dir='ltr'>petentes</span> <span class='ocrx_word' id='word_1_355' title='bbox 1287 2758 1343 2830; x_wconf 71' lang='lat'><strong>(26)</strong></span> <span class='ocrx_word' id='word_1_356' title='bbox 1369 2757 1485 2816; x_wconf 87' lang='lat' dir='ltr'>dicant:</span> <span class='ocrx_word' id='word_1_357' title='bbox 1518 2768 1707 2831; x_wconf 75' lang='lat' dir='ltr'>suscepimus,</span> <span class='ocrx_word' id='word_1_358' title='bbox 1730 2762 1801 2835; x_wconf 77' lang='lat' dir='ltr'>Deus,</span> 
     </span>
     <span class='ocr_line' id='line_1_30' title="bbox 108 2844 1802 2924; baseline -0.002 -13"><span class='ocrx_word' id='word_1_359' title='bbox 108 2853 203 2911; x_wconf 80' lang='lat' dir='ltr'>ceteri</span> <span class='ocrx_word' id='word_1_360' title='bbox 218 2853 254 2909; x_wconf 90' lang='lat' dir='ltr'>sd</span> <span class='ocrx_word' id='word_1_361' title='bbox 265 2865 405 2924; x_wconf 89' lang='lat' dir='ltr'>magnum</span> <span class='ocrx_word' id='word_1_362' title='bbox 423 2847 513 2905; x_wconf 88' lang='lat' dir='ltr'>altare</span> <span class='ocrx_word' id='word_1_363' title='bbox 523 2848 761 2916; x_wconf 88' lang='lat' dir='ltr'>communicent;</span> <span class='ocrx_word' id='word_1_364' title='bbox 777 2847 834 2903; x_wconf 93' lang='lat' dir='ltr'>nisi</span> <span class='ocrx_word' id='word_1_365' title='bbox 848 2845 932 2902; x_wconf 87' lang='lat' dir='ltr'>aliter</span> <span class='ocrx_word' id='word_1_366' title='bbox 983 2844 1203 2902; x_wconf 81' lang='lat' dir='ltr'>misericordiam</span> <span class='ocrx_word' id='word_1_367' title='bbox 1219 2850 1295 2902; x_wconf 80' lang='lat' dir='ltr'>tuam</span> <span class='ocrx_word' id='word_1_368' title='bbox 1319 2847 1349 2903; x_wconf 86' lang='lat' dir='ltr'>irr</span> <span class='ocrx_word' id='word_1_369' title='bbox 1367 2848 1457 2904; x_wconf 84' lang='lat' dir='ltr'>medio</span> <span class='ocrx_word' id='word_1_370' title='bbox 1480 2851 1575 2922; x_wconf 85' lang='lat' dir='ltr'>tempti</span> <span class='ocrx_word' id='word_1_371' title='bbox 1587 2853 1650 2908; x_wconf 80' lang='lat' dir='ltr'>teri:</span> <span class='ocrx_word' id='word_1_372' title='bbox 1668 2858 1697 2908; x_wconf 90' lang='lat' dir='ltr'>et</span> <span class='ocrx_word' id='word_1_373' title='bbox 1712 2858 1802 2923; x_wconf 80' lang='lat' dir='ltr'>poetes</span> 
     </span>
     <span class='ocr_line' id='line_1_31' title="bbox 109 2935 1803 3013; baseline -0.002 -14"><span class='ocrx_word' id='word_1_374' title='bbox 109 2941 268 2999; x_wconf 91' lang='lat' dir='ltr'>multitudo</span> <span class='ocrx_word' id='word_1_375' title='bbox 283 2937 571 3012; x_wconf 82' lang='lat' dir='ltr'>exegerit.Diaconas</span> <span class='ocrx_word' id='word_1_376' title='bbox 581 2940 731 2994; x_wconf 89' lang='lat' dir='ltr'>antemtot</span> <span class='ocrx_word' id='word_1_377' title='bbox 744 2935 857 2993; x_wconf 81' lang='lat' dir='ltr'>boetius</span> <span class='ocrx_word' id='word_1_378' title='bbox 867 2951 933 2992; x_wconf 90' lang='lat' dir='ltr'>con·</span> <span class='ocrx_word' id='word_1_379' title='bbox 985 2939 1053 2991; x_wconf 89' lang='lat' dir='ltr'>eant</span> <span class='ocrx_word' id='word_1_380' title='bbox 1067 2935 1102 2990; x_wconf 88' lang='lat' dir='ltr'>sd</span> <span class='ocrx_word' id='word_1_381' title='bbox 1116 2950 1189 3007; x_wconf 89' lang='lat' dir='ltr'>opus</span> <span class='ocrx_word' id='word_1_382' title='bbox 1202 2951 1345 2993; x_wconf 89' lang='lat' dir='ltr'>manuum</span> <span class='ocrx_word' id='word_1_383' title='bbox 1358 2937 1383 2994; x_wconf 91' lang='lat' dir='ltr'>si</span> <span class='ocrx_word' id='word_1_384' title='bbox 1395 2944 1510 3009; x_wconf 87' lang='lat' dir='ltr'>tempas</span> <span class='ocrx_word' id='word_1_385' title='bbox 1522 2940 1803 3013; x_wconf 82' lang='lat' dir='ltr'>permiseritDeinde</span> 
     </span>
     <span class='ocr_line' id='line_1_32' title="bbox 110 3024 1803 3104; baseline 0.001 -17"><span class='ocrx_word' id='word_1_386' title='bbox 110 3030 268 3088; x_wconf 87' lang='lat' dir='ltr'>secrandas</span> <span class='ocrx_word' id='word_1_387' title='bbox 282 3031 457 3102; x_wconf 86' lang='lat' dir='ltr'>apponat,ut</span> <span class='ocrx_word' id='word_1_388' title='bbox 468 3025 572 3098; x_wconf 88' lang='lat' dir='ltr'>etipsa</span> <span class='ocrx_word' id='word_1_389' title='bbox 583 3024 629 3082; x_wconf 90' lang='lat' dir='ltr'>die</span> <span class='ocrx_word' id='word_1_390' title='bbox 644 3024 785 3083; x_wconf 87' lang='lat' dir='ltr'>iratribus</span> <span class='ocrx_word' id='word_1_391' title='bbox 795 3024 932 3080; x_wconf 90' lang='lat' dir='ltr'>omnibus</span> <span class='ocrx_word' id='word_1_392' title='bbox 988 3027 1171 3084; x_wconf 87' lang='lat' dir='ltr'>deducantur</span> <span class='ocrx_word' id='word_1_393' title='bbox 1181 3042 1324 3100; x_wconf 88' lang='lat' dir='ltr'>pauperes</span> <span class='ocrx_word' id='word_1_394' title='bbox 1334 3031 1368 3085; x_wconf 87' lang='lat' dir='ltr'>ad</span> <span class='ocrx_word' id='word_1_395' title='bbox 1381 3028 1482 3087; x_wconf 83' lang='lat' dir='ltr'>cellam</span> <span class='ocrx_word' id='word_1_396' title='bbox 1494 3030 1712 3104; x_wconf 84' lang='lat' dir='ltr'>hospitum,ubi</span> <span class='ocrx_word' id='word_1_397' title='bbox 1723 3033 1803 3090; x_wconf 86' lang='lat' dir='ltr'>abbas</span> 
     </span>
     <span class='ocr_line' id='line_1_33' title="bbox 110 3077 1805 3192; baseline 0 -14"><span class='ocrx_word' id='word_1_398' title='bbox 110 3116 369 3179; x_wconf 88' lang='lat' dir='ltr'>sacracommunio</span> <span class='ocrx_word' id='word_1_399' title='bbox 380 3115 509 3174; x_wconf 88' lang='lat' dir='ltr'>sutticiat</span> <span class='ocrx_word' id='word_1_400' title='bbox 518 3119 561 3171; x_wconf 87' lang='lat' dir='ltr'>:et</span> <span class='ocrx_word' id='word_1_401' title='bbox 571 3119 631 3171; x_wconf 90' lang='lat' dir='ltr'>tam</span> <span class='ocrx_word' id='word_1_402' title='bbox 643 3113 797 3187; x_wconf 90' lang='lat' dir='ltr'>proolticio</span> <span class='ocrx_word' id='word_1_403' title='bbox 808 3128 932 3185; x_wconf 87' lang='lat' dir='ltr'>sequen·</span> <span class='ocrx_word' id='word_1_404' title='bbox 952 3077 976 3147; x_wconf 69' lang='lat' dir='ltr'><strong>G</strong></span> <span class='ocrx_word' id='word_1_405' title='bbox 989 3132 1056 3174; x_wconf 90' lang='lat' dir='ltr'>cam</span> <span class='ocrx_word' id='word_1_406' title='bbox 1066 3116 1287 3188; x_wconf 78' lang='lat' dir='ltr'>coadjutoribus</span> <span class='ocrx_word' id='word_1_407' title='bbox 1298 3119 1361 3176; x_wconf 90' lang='lat' dir='ltr'>suis</span> <span class='ocrx_word' id='word_1_408' title='bbox 1371 3137 1477 3192; x_wconf 86' lang='lat' dir='ltr'>aquam</span> <span class='ocrx_word' id='word_1_409' title='bbox 1490 3122 1629 3178; x_wconf 81' lang='lat' dir='ltr'>lundatin</span> <span class='ocrx_word' id='word_1_410' title='bbox 1641 3139 1743 3180; x_wconf 91' lang='lat' dir='ltr'>eoram</span> <span class='ocrx_word' id='word_1_411' title='bbox 1755 3139 1805 3178; x_wconf 85' lang='lat' dir='ltr'>ms·</span> 
     </span>
     <span class='ocr_line' id='line_1_34' title="bbox 111 3200 1805 3285; baseline -0.002 -17"><span class='ocrx_word' id='word_1_412' title='bbox 111 3210 151 3268; x_wconf 87' lang='lat' dir='ltr'>tis</span> <span class='ocrx_word' id='word_1_413' title='bbox 164 3208 325 3282; x_wconf 89' lang='lat' dir='ltr'>disi,quam</span> <span class='ocrx_word' id='word_1_414' title='bbox 335 3223 387 3280; x_wconf 92' lang='lat' dir='ltr'>prc</span> <span class='ocrx_word' id='word_1_415' title='bbox 398 3204 525 3262; x_wconf 89' lang='lat' dir='ltr'>inllrmis</span> <span class='ocrx_word' id='word_1_416' title='bbox 536 3220 604 3277; x_wconf 88' lang='lat' dir='ltr'>pars</span> <span class='ocrx_word' id='word_1_417' title='bbox 615 3220 705 3262; x_wconf 82' lang='lat' dir='ltr'>sacra</span> <span class='ocrx_word' id='word_1_418' title='bbox 716 3200 935 3261; x_wconf 87' lang='lat' dir='ltr'>communionis</span> <span class='ocrx_word' id='word_1_419' title='bbox 988 3207 1076 3263; x_wconf 87' lang='lat' dir='ltr'>nibus</span> <span class='ocrx_word' id='word_1_420' title='bbox 1091 3222 1125 3264; x_wconf 88' lang='lat' dir='ltr'>sc</span> <span class='ocrx_word' id='word_1_421' title='bbox 1140 3213 1240 3280; x_wconf 91' lang='lat' dir='ltr'>postea</span> <span class='ocrx_word' id='word_1_422' title='bbox 1253 3207 1435 3267; x_wconf 72' lang='lat' dir='ltr'>ressciautlit</span> <span class='ocrx_word' id='word_1_423' title='bbox 1450 3210 1601 3268; x_wconf 85' lang='lat' dir='ltr'>sciendum</span> <span class='ocrx_word' id='word_1_424' title='bbox 1619 3212 1699 3285; x_wconf 88' lang='lat' dir='ltr'>qnod</span> <span class='ocrx_word' id='word_1_425' title='bbox 1713 3226 1805 3269; x_wconf 88' lang='lat' dir='ltr'>omnes</span> 
     </span>
     <span class='ocr_line' id='line_1_35' title="bbox 112 3292 1807 3372; baseline -0.001 -14"><span class='ocrx_word' id='word_1_426' title='bbox 112 3298 252 3358; x_wconf 85' lang='lat' dir='ltr'>reservari</span> <span class='ocrx_word' id='word_1_427' title='bbox 268 3296 442 3371; x_wconf 87' lang='lat' dir='ltr'>possit.Post</span> <span class='ocrx_word' id='word_1_428' title='bbox 455 3308 556 3368; x_wconf 89' lang='lat' dir='ltr'>pacem</span> <span class='ocrx_word' id='word_1_429' title='bbox 571 3310 638 3351; x_wconf 82' lang='lat' dir='ltr'>vero</span> <span class='ocrx_word' id='word_1_430' title='bbox 652 3308 758 3366; x_wconf 87' lang='lat' dir='ltr'>corpus</span> <span class='ocrx_word' id='word_1_431' title='bbox 774 3293 888 3350; x_wconf 83' lang='lat' dir='ltr'>Domini</span> <span class='ocrx_word' id='word_1_432' title='bbox 900 3292 936 3348; x_wconf 88' lang='lat' dir='ltr'>de</span> <span class='ocrx_word' id='word_1_433' title='bbox 987 3296 1570 3372; x_wconf 81' lang='lat' dir='ltr'>supervenientasbacdieprcreverentis</span> <span class='ocrx_word' id='word_1_434' title='bbox 1580 3300 1807 3359; x_wconf 87' lang='lat' dir='ltr'>Dominicillian·</span> 
     </span>
     <span class='ocr_line' id='line_1_36' title="bbox 114 3384 1807 3464; baseline 0.001 -17"><span class='ocrx_word' id='word_1_435' title='bbox 114 3388 233 3448; x_wconf 84' lang='lat' dir='ltr'>vasculo</span> <span class='ocrx_word' id='word_1_436' title='bbox 258 3404 347 3458; x_wconf 90' lang='lat' dir='ltr'>supra</span> <span class='ocrx_word' id='word_1_437' title='bbox 361 3384 452 3441; x_wconf 87' lang='lat' dir='ltr'>altere</span> <span class='ocrx_word' id='word_1_438' title='bbox 478 3387 629 3441; x_wconf 89' lang='lat' dir='ltr'>sumatur:</span> <span class='ocrx_word' id='word_1_439' title='bbox 654 3389 683 3440; x_wconf 91' lang='lat' dir='ltr'>et</span> <span class='ocrx_word' id='word_1_440' title='bbox 696 3399 785 3456; x_wconf 88' lang='lat' dir='ltr'>super</span> <span class='ocrx_word' id='word_1_441' title='bbox 800 3388 936 3456; x_wconf 87' lang='lat' dir='ltr'>patenam</span> <span class='ocrx_word' id='word_1_442' title='bbox 987 3385 1047 3442; x_wconf 87' lang='lat' dir='ltr'>dati</span> <span class='ocrx_word' id='word_1_443' title='bbox 1062 3386 1232 3444; x_wconf 83' lang='lat' dir='ltr'>charitative</span> <span class='ocrx_word' id='word_1_444' title='bbox 1246 3387 1319 3445; x_wconf 92' lang='lat' dir='ltr'>bora</span> <span class='ocrx_word' id='word_1_445' title='bbox 1334 3390 1513 3463; x_wconf 89' lang='lat' dir='ltr'>competenti</span> <span class='ocrx_word' id='word_1_446' title='bbox 1529 3408 1601 3463; x_wconf 90' lang='lat' dir='ltr'>pane</span> <span class='ocrx_word' id='word_1_447' title='bbox 1614 3397 1644 3447; x_wconf 86' lang='lat' dir='ltr'>et</span> <span class='ocrx_word' id='word_1_448' title='bbox 1664 3392 1807 3464; x_wconf 86' lang='lat' dir='ltr'>pulmento</span> 
     </span>
     <span class='ocr_line' id='line_1_37' title="bbox 115 3471 1234 3545; baseline -0.006 -9"><span class='ocrx_word' id='word_1_449' title='bbox 115 3479 252 3536; x_wconf 83' lang='lat' dir='ltr'>illabere</span> <span class='ocrx_word' id='word_1_450' title='bbox 267 3475 444 3534; x_wconf 89' lang='lat' dir='ltr'>sumendum</span> <span class='ocrx_word' id='word_1_451' title='bbox 462 3477 597 3545; x_wconf 90' lang='lat' dir='ltr'>ponatur.</span> <span class='ocrx_word' id='word_1_452' title='bbox 612 3472 750 3529; x_wconf 86' lang='lat' dir='ltr'>Linteum</span> <span class='ocrx_word' id='word_1_453' title='bbox 763 3471 853 3529; x_wconf 88' lang='lat' dir='ltr'>etiam</span> <span class='ocrx_word' id='word_1_454' title='bbox 869 3486 937 3527; x_wconf 82' lang='lat' dir='ltr'>mox</span> <span class='ocrx_word' id='word_1_455' title='bbox 988 3480 1059 3531; x_wconf 90' lang='lat' dir='ltr'>sunt</span> <span class='ocrx_word' id='word_1_456' title='bbox 1074 3473 1234 3532; x_wconf 83' lang='lat' dir='ltr'>reficiendi.</span> 
     </span>
     <span class='ocr_line' id='line_1_38' title="bbox 116 3559 1806 3637; baseline -0.001 -11"><span class='ocrx_word' id='word_1_457' title='bbox 116 3562 399 3627; x_wconf 88' lang='lat' dir='ltr'>deecdamvasculo</span> <span class='ocrx_word' id='word_1_458' title='bbox 427 3562 587 3630; x_wconf 80' lang='lat' dir='ltr'>auferatur,</span> <span class='ocrx_word' id='word_1_459' title='bbox 608 3559 784 3633; x_wconf 86' lang='lat' dir='ltr'>aliudquee</span> <span class='ocrx_word' id='word_1_460' title='bbox 813 3561 938 3618; x_wconf 89' lang='lat' dir='ltr'>sacrista</span> <span class='ocrx_word' id='word_1_461' title='bbox 1025 3562 1143 3636; x_wconf 81' lang='lat' dir='ltr'>llxpleto</span> <span class='ocrx_word' id='word_1_462' title='bbox 1158 3580 1320 3637; x_wconf 89' lang='lat' dir='ltr'>pauperum</span> <span class='ocrx_word' id='word_1_463' title='bbox 1337 3566 1474 3626; x_wconf 84' lang='lat' dir='ltr'>Mandata</span> <span class='ocrx_word' id='word_1_464' title='bbox 1492 3570 1614 3628; x_wconf 88' lang='lat' dir='ltr'>sacrista</span> <span class='ocrx_word' id='word_1_465' title='bbox 1631 3587 1699 3629; x_wconf 84' lang='lat' dir='ltr'>mos</span> <span class='ocrx_word' id='word_1_466' title='bbox 1715 3570 1806 3628; x_wconf 85' lang='lat' dir='ltr'>ascitis</span> 
     </span>
     <span class='ocr_line' id='line_1_39' title="bbox 115 3650 1806 3730; baseline -0.001 -15"><span class='ocrx_word' id='word_1_467' title='bbox 115 3658 253 3715; x_wconf 87' lang='lat' dir='ltr'>illabere</span> <span class='ocrx_word' id='word_1_468' title='bbox 268 3657 476 3730; x_wconf 76' lang='lat' dir='ltr'>presentatum</span> <span class='ocrx_word' id='word_1_469' title='bbox 500 3651 647 3709; x_wconf 85' lang='lat' dir='ltr'>incedam</span> <span class='ocrx_word' id='word_1_470' title='bbox 663 3656 806 3724; x_wconf 86' lang='lat' dir='ltr'>ponatur:</span> <span class='ocrx_word' id='word_1_471' title='bbox 828 3650 938 3724; x_wconf 89' lang='lat' dir='ltr'>illoque</span> <span class='ocrx_word' id='word_1_472' title='bbox 990 3651 1047 3709; x_wconf 91' lang='lat' dir='ltr'>sibi</span> <span class='ocrx_word' id='word_1_473' title='bbox 1064 3653 1202 3710; x_wconf 86' lang='lat' dir='ltr'>tratribus</span> <span class='ocrx_word' id='word_1_474' title='bbox 1217 3659 1288 3725; x_wconf 84' lang='lat' dir='ltr'>quot</span> <span class='ocrx_word' id='word_1_475' title='bbox 1303 3658 1485 3714; x_wconf 89' lang='lat' dir='ltr'>necessarios</span> <span class='ocrx_word' id='word_1_476' title='bbox 1498 3657 1641 3728; x_wconf 87' lang='lat' dir='ltr'>babuerit,</span> <span class='ocrx_word' id='word_1_477' title='bbox 1659 3657 1806 3716; x_wconf 85' lang='lat' dir='ltr'>altariarli·</span> 
     </span>
     <span class='ocr_line' id='line_1_40' title="bbox 116 3741 1807 3818; baseline -0.001 -13"><span class='ocrx_word' id='word_1_478' title='bbox 116 3752 228 3805; x_wconf 90' lang='lat' dir='ltr'>mutato</span> <span class='ocrx_word' id='word_1_479' title='bbox 241 3746 277 3803; x_wconf 92' lang='lat' dir='ltr'>ab</span> <span class='ocrx_word' id='word_1_480' title='bbox 287 3746 391 3803; x_wconf 90' lang='lat' dir='ltr'>eodem</span> <span class='ocrx_word' id='word_1_481' title='bbox 406 3742 745 3809; x_wconf 83' lang='lat' dir='ltr'>secretario,moxabbas</span> <span class='ocrx_word' id='word_1_482' title='bbox 754 3741 856 3814; x_wconf 89' lang='lat' dir='ltr'>velqui</span> <span class='ocrx_word' id='word_1_483' title='bbox 867 3757 938 3798; x_wconf 90' lang='lat' dir='ltr'>ean·</span> <span class='ocrx_word' id='word_1_484' title='bbox 991 3742 1178 3813; x_wconf 84' lang='lat' dir='ltr'>scooperiat:</span> <span class='ocrx_word' id='word_1_485' title='bbox 1202 3748 1232 3800; x_wconf 89' lang='lat' dir='ltr'>et</span> <span class='ocrx_word' id='word_1_486' title='bbox 1253 3743 1358 3816; x_wconf 86' lang='lat' dir='ltr'>pallas,</span> <span class='ocrx_word' id='word_1_487' title='bbox 1374 3762 1449 3818; x_wconf 90' lang='lat' dir='ltr'>quas</span> <span class='ocrx_word' id='word_1_488' title='bbox 1477 3747 1545 3804; x_wconf 91' lang='lat' dir='ltr'>inde</span> <span class='ocrx_word' id='word_1_489' title='bbox 1572 3747 1675 3805; x_wconf 89' lang='lat' dir='ltr'>tulerit</span> <span class='ocrx_word' id='word_1_490' title='bbox 1696 3748 1807 3806; x_wconf 73' lang='lat' dir='ltr'>boneta</span> 
     </span>
     <span class='ocr_line' id='line_1_41' title="bbox 116 3829 1811 3912; baseline -0.001 -17"><span class='ocrx_word' id='word_1_491' title='bbox 116 3841 159 3895; x_wconf 88' lang='lat' dir='ltr'>tat</span> <span class='ocrx_word' id='word_1_492' title='bbox 175 3838 309 3905; x_wconf 88' lang='lat' dir='ltr'>missam,</span> <span class='ocrx_word' id='word_1_493' title='bbox 325 3839 436 3907; x_wconf 89' lang='lat' dir='ltr'>partem</span> <span class='ocrx_word' id='word_1_494' title='bbox 453 3848 542 3890; x_wconf 79' lang='lat' dir='ltr'>sacra</span> <span class='ocrx_word' id='word_1_495' title='bbox 554 3831 776 3890; x_wconf 72' lang='lat' dir='ltr'>communionis</span> <span class='ocrx_word' id='word_1_496' title='bbox 791 3830 820 3887; x_wconf 93' lang='lat' dir='ltr'>in</span> <span class='ocrx_word' id='word_1_497' title='bbox 836 3829 939 3887; x_wconf 87' lang='lat' dir='ltr'>crasti-</span> <span class='ocrx_word' id='word_1_498' title='bbox 993 3836 1072 3905; x_wconf 87' lang='lat' dir='ltr'>aptat</span> <span class='ocrx_word' id='word_1_499' title='bbox 1085 3838 1114 3888; x_wconf 91' lang='lat' dir='ltr'>at</span> <span class='ocrx_word' id='word_1_500' title='bbox 1128 3832 1278 3891; x_wconf 87' lang='lat' dir='ltr'>recondat.</span> <span class='ocrx_word' id='word_1_501' title='bbox 1293 3833 1422 3906; x_wconf 85' lang='lat' dir='ltr'>Vespera</span> <span class='ocrx_word' id='word_1_502' title='bbox 1448 3836 1544 3909; x_wconf 87' lang='lat' dir='ltr'>ltaque</span> <span class='ocrx_word' id='word_1_503' title='bbox 1563 3836 1667 3894; x_wconf 90' lang='lat' dir='ltr'>tabula</span> <span class='ocrx_word' id='word_1_504' title='bbox 1686 3837 1811 3912; x_wconf 85' lang='lat' dir='ltr'>pulsatur</span> 
     </span>
     <span class='ocr_line' id='line_1_42' title="bbox 118 3921 1810 3996; baseline -0.003 -10"><span class='ocrx_word' id='word_1_505' title='bbox 118 3938 196 3986; x_wconf 85' lang='lat' dir='ltr'>num¹</span> <span class='ocrx_word' id='word_1_506' title='bbox 212 3926 382 3984; x_wconf 82' lang='lat' dir='ltr'>servandam</span> <span class='ocrx_word' id='word_1_507' title='bbox 400 3923 431 3981; x_wconf 92' lang='lat' dir='ltr'>in</span> <span class='ocrx_word' id='word_1_508' title='bbox 441 3921 561 3981; x_wconf 82' lang='lat' dir='ltr'>vasculo</span> <span class='ocrx_word' id='word_1_509' title='bbox 574 3926 641 3979; x_wconf 88' lang='lat' dir='ltr'>acte</span> <span class='ocrx_word' id='word_1_510' title='bbox 666 3927 766 3979; x_wconf 88' lang='lat' dir='ltr'>notato</span> <span class='ocrx_word' id='word_1_511' title='bbox 783 3921 941 3978; x_wconf 85' lang='lat' dir='ltr'>honorilice</span> <span class='ocrx_word' id='word_1_512' title='bbox 993 3921 1100 3996; x_wconf 90' lang='lat' dir='ltr'>lignea,</span> <span class='ocrx_word' id='word_1_513' title='bbox 1115 3925 1144 3978; x_wconf 89' lang='lat' dir='ltr'>at</span> <span class='ocrx_word' id='word_1_514' title='bbox 1159 3921 1221 3994; x_wconf 88' lang='lat' dir='ltr'>ipss</span> <span class='ocrx_word' id='word_1_515' title='bbox 1235 3922 1308 3979; x_wconf 88' lang='lat' dir='ltr'>bora</span> <span class='ocrx_word' id='word_1_516' title='bbox 1328 3923 1385 3980; x_wconf 89' lang='lat' dir='ltr'>alte</span> <span class='ocrx_word' id='word_1_517' title='bbox 1399 3930 1535 3982; x_wconf 81' lang='lat' dir='ltr'>sectetur</span> <span class='ocrx_word' id='word_1_518' title='bbox 1550 3926 1592 3982; x_wconf 91' lang='lat' dir='ltr'>uti</span> <span class='ocrx_word' id='word_1_519' title='bbox 1618 3926 1687 3984; x_wconf 86' lang='lat' dir='ltr'>aliis</span> <span class='ocrx_word' id='word_1_520' title='bbox 1703 3928 1810 3984; x_wconf 84' lang='lat' dir='ltr'>diebus.</span> 
     </span>
     <span class='ocr_line' id='line_1_43' title="bbox 119 4010 1812 4093; baseline -0.001 -17"><span class='ocrx_word' id='word_1_521' title='bbox 119 4017 305 4076; x_wconf 72' lang='lat' dir='ltr'>emendabili</span> <span class='ocrx_word' id='word_1_522' title='bbox 314 4024 381 4072; x_wconf 91' lang='lat' dir='ltr'>tunc</span> <span class='ocrx_word' id='word_1_523' title='bbox 392 4012 516 4070; x_wconf 90' lang='lat' dir='ltr'>linteum</span> <span class='ocrx_word' id='word_1_524' title='bbox 531 4016 613 4070; x_wconf 82' lang='lat' dir='ltr'>vetus</span> <span class='ocrx_word' id='word_1_525' title='bbox 625 4011 771 4084; x_wconf 85' lang='lat' dir='ltr'>inpetens</span> <span class='ocrx_word' id='word_1_526' title='bbox 785 4010 941 4083; x_wconf 88' lang='lat' dir='ltr'>diligenter</span> <span class='ocrx_word' id='word_1_527' title='bbox 993 4012 1107 4070; x_wconf 73' lang='lat' dir='ltr'>Abhinc</span> <span class='ocrx_word' id='word_1_528' title='bbox 1122 4028 1180 4070; x_wconf 91' lang='lat' dir='ltr'>non</span> <span class='ocrx_word' id='word_1_529' title='bbox 1194 4012 1328 4087; x_wconf 89' lang='lat' dir='ltr'>pulsatur</span> <span class='ocrx_word' id='word_1_530' title='bbox 1341 4030 1485 4090; x_wconf 88' lang='lat' dir='ltr'>campana</span> <span class='ocrx_word' id='word_1_531' title='bbox 1499 4016 1529 4074; x_wconf 90' lang='lat' dir='ltr'>ln</span> <span class='ocrx_word' id='word_1_532' title='bbox 1541 4016 1665 4077; x_wconf 82' lang='lat' dir='ltr'>ecclesia</span> <span class='ocrx_word' id='word_1_533' title='bbox 1676 4034 1772 4093; x_wconf 90' lang='lat' dir='ltr'>usqne</span> <span class='ocrx_word' id='word_1_534' title='bbox 1781 4018 1812 4074; x_wconf 84' lang='lat' dir='ltr'>ad</span> 
     </span>
     <span class='ocr_line' id='line_1_44' title="bbox 118 4101 1814 4177; baseline 0.001 -12"><span class='ocrx_word' id='word_1_535' title='bbox 118 4122 275 4165; x_wconf 81' lang='lat' dir='ltr'>excussum</span> <span class='ocrx_word' id='word_1_536' title='bbox 290 4119 379 4177; x_wconf 90' lang='lat' dir='ltr'>super</span> <span class='ocrx_word' id='word_1_537' title='bbox 395 4101 537 4174; x_wconf 90' lang='lat' dir='ltr'>piscinam</span> <span class='ocrx_word' id='word_1_538' title='bbox 552 4101 755 4169; x_wconf 89' lang='lat' dir='ltr'>comburatur,</span> <span class='ocrx_word' id='word_1_539' title='bbox 766 4101 939 4172; x_wconf 89' lang='lat' dir='ltr'>cineresque</span> <span class='ocrx_word' id='word_1_540' title='bbox 994 4102 1116 4160; x_wconf 90' lang='lat' dir='ltr'>missam</span> <span class='ocrx_word' id='word_1_541' title='bbox 1132 4103 1162 4160; x_wconf 92' lang='lat' dir='ltr'>in</span> <span class='ocrx_word' id='word_1_542' title='bbox 1176 4101 1282 4176; x_wconf 84' lang='lat' dir='ltr'>vigilia</span> <span class='ocrx_word' id='word_1_543' title='bbox 1296 4105 1436 4176; x_wconf 62' lang='lat' dir='ltr'>naseam</span> <span class='ocrx_word' id='word_1_544' title='bbox 1466 4107 1517 4163; x_wconf 91' lang='lat' dir='ltr'>sed</span> <span class='ocrx_word' id='word_1_545' title='bbox 1533 4123 1586 4165; x_wconf 90' lang='lat' dir='ltr'>nec</span> <span class='ocrx_word' id='word_1_546' title='bbox 1614 4108 1646 4164; x_wconf 91' lang='lat' dir='ltr'>in</span> <span class='ocrx_word' id='word_1_547' title='bbox 1667 4108 1814 4168; x_wconf 83' lang='lat' dir='ltr'>celer-torio</span> 
     </span>
     <span class='ocr_line' id='line_1_45' title="bbox 119 4188 1816 4272; baseline 0.001 -19"><span class='ocrx_word' id='word_1_548' title='bbox 119 4195 223 4268; x_wconf 86' lang='lat' dir='ltr'>eJusin</span> <span class='ocrx_word' id='word_1_549' title='bbox 239 4208 304 4251; x_wconf 85' lang='lat' dir='ltr'>eam</span> <span class='ocrx_word' id='word_1_550' title='bbox 320 4190 557 4264; x_wconf 82' lang='lat' dir='ltr'>projiciantur.tit</span> <span class='ocrx_word' id='word_1_551' title='bbox 570 4189 722 4247; x_wconf 86' lang='lat' dir='ltr'>sciendum</span> <span class='ocrx_word' id='word_1_552' title='bbox 733 4189 871 4263; x_wconf 87' lang='lat' dir='ltr'>quodbao</span> <span class='ocrx_word' id='word_1_553' title='bbox 882 4188 941 4260; x_wconf 89' lang='lat' dir='ltr'>die,</span> <span class='ocrx_word' id='word_1_554' title='bbox 994 4209 1046 4250; x_wconf 90' lang='lat' dir='ltr'>nec</span> <span class='ocrx_word' id='word_1_555' title='bbox 1065 4192 1095 4248; x_wconf 89' lang='lat' dir='ltr'>in</span> <span class='ocrx_word' id='word_1_556' title='bbox 1124 4192 1284 4267; x_wconf 90' lang='lat' dir='ltr'>horologio.</span> <span class='ocrx_word' id='word_1_557' title='bbox 1311 4195 1344 4252; x_wconf 80' lang='lat' dir='ltr'>tis</span> <span class='ocrx_word' id='word_1_558' title='bbox 1358 4195 1430 4253; x_wconf 90' lang='lat' dir='ltr'>iilud</span> <span class='ocrx_word' id='word_1_559' title='bbox 1446 4196 1598 4254; x_wconf 84' lang='lat' dir='ltr'>sciendam</span> <span class='ocrx_word' id='word_1_560' title='bbox 1614 4200 1694 4272; x_wconf 92' lang='lat' dir='ltr'>quod</span> <span class='ocrx_word' id='word_1_561' title='bbox 1712 4199 1816 4257; x_wconf 89' lang='lat' dir='ltr'>abbiue</span> 
     </span>
     <span class='ocr_line' id='line_1_46' title="bbox 121 4277 1818 4360; baseline -0.001 -18"><span class='ocrx_word' id='word_1_562' title='bbox 121 4286 232 4360; x_wconf 83' lang='lat' dir='ltr'>privata</span> <span class='ocrx_word' id='word_1_563' title='bbox 245 4282 337 4339; x_wconf 90' lang='lat' dir='ltr'>missa</span> <span class='ocrx_word' id='word_1_564' title='bbox 349 4295 406 4336; x_wconf 92' lang='lat' dir='ltr'>non</span> <span class='ocrx_word' id='word_1_565' title='bbox 422 4280 458 4336; x_wconf 90' lang='lat' dir='ltr'>sit</span> <span class='ocrx_word' id='word_1_566' title='bbox 473 4279 509 4334; x_wconf 90' lang='lat' dir='ltr'>ab</span> <span class='ocrx_word' id='word_1_567' title='bbox 524 4278 622 4351; x_wconf 89' lang='lat' dir='ltr'>aliquo</span> <span class='ocrx_word' id='word_1_568' title='bbox 639 4279 802 4336; x_wconf 87' lang='lat' dir='ltr'>cantanda:</span> <span class='ocrx_word' id='word_1_569' title='bbox 819 4277 877 4335; x_wconf 89' lang='lat' dir='ltr'>nisi</span> <span class='ocrx_word' id='word_1_570' title='bbox 889 4294 940 4351; x_wconf 89' lang='lat' dir='ltr'>pro</span> <span class='ocrx_word' id='word_1_571' title='bbox 993 4296 1095 4337; x_wconf 83' lang='lat' dir='ltr'>versus</span> <span class='ocrx_word' id='word_1_572' title='bbox 1111 4280 1141 4336; x_wconf 89' lang='lat' dir='ltr'>in</span> <span class='ocrx_word' id='word_1_573' title='bbox 1156 4281 1308 4338; x_wconf 77' lang='lat' dir='ltr'>refectorio</span> <span class='ocrx_word' id='word_1_574' title='bbox 1324 4288 1391 4339; x_wconf 87' lang='lat' dir='ltr'>ante</span> <span class='ocrx_word' id='word_1_575' title='bbox 1404 4283 1502 4339; x_wconf 91' lang='lat' dir='ltr'>cibum</span> <span class='ocrx_word' id='word_1_576' title='bbox 1533 4291 1562 4341; x_wconf 91' lang='lat' dir='ltr'>at</span> <span class='ocrx_word' id='word_1_577' title='bbox 1576 4291 1644 4357; x_wconf 87' lang='lat' dir='ltr'>post</span> <span class='ocrx_word' id='word_1_578' title='bbox 1672 4287 1773 4343; x_wconf 88' lang='lat' dir='ltr'>cibum</span> <span class='ocrx_word' id='word_1_579' title='bbox 1788 4301 1818 4342; x_wconf 87' lang='lat' dir='ltr'>ac</span> 
     </span>
     <span class='ocr_line' id='line_1_47' title="bbox 120 4367 1820 4448; baseline 0 -14"><span class='ocrx_word' id='word_1_580' title='bbox 120 4373 269 4434; x_wconf 83' lang='lat' dir='ltr'>conversis</span> <span class='ocrx_word' id='word_1_581' title='bbox 283 4368 548 4437; x_wconf 83' lang='lat' dir='ltr'>communicandis,</span> <span class='ocrx_word' id='word_1_582' title='bbox 560 4370 611 4426; x_wconf 91' lang='lat' dir='ltr'>ubi</span> <span class='ocrx_word' id='word_1_583' title='bbox 626 4367 785 4425; x_wconf 90' lang='lat' dir='ltr'>multitado</span> <span class='ocrx_word' id='word_1_584' title='bbox 800 4371 941 4442; x_wconf 81' lang='lat' dir='ltr'>exegerit,</span> <span class='ocrx_word' id='word_1_585' title='bbox 995 4371 1151 4429; x_wconf 81' lang='lat' dir='ltr'>Benedicite</span> <span class='ocrx_word' id='word_1_586' title='bbox 1173 4388 1242 4430; x_wconf 89' lang='lat' dir='ltr'>cum</span> <span class='ocrx_word' id='word_1_587' title='bbox 1267 4373 1470 4431; x_wconf 87' lang='lat' dir='ltr'>benedictione</span> <span class='ocrx_word' id='word_1_588' title='bbox 1494 4383 1579 4448; x_wconf 85' lang='lat' dir='ltr'>pctus</span> <span class='ocrx_word' id='word_1_589' title='bbox 1603 4380 1672 4432; x_wconf 85' lang='lat' dir='ltr'>ente</span> <span class='ocrx_word' id='word_1_590' title='bbox 1686 4377 1820 4436; x_wconf 86' lang='lat' dir='ltr'>collatio·</span> 
     </span>
     <span class='ocr_line' id='line_1_48' title="bbox 120 4455 1820 4540; baseline -0.002 -15"><span class='ocrx_word' id='word_1_591' title='bbox 120 4473 150 4525; x_wconf 88' lang='lat' dir='ltr'>et</span> <span class='ocrx_word' id='word_1_592' title='bbox 164 4461 377 4540; x_wconf 87' lang='lat' dir='ltr'>ipsamissade</span> <span class='ocrx_word' id='word_1_593' title='bbox 391 4460 438 4516; x_wconf 91' lang='lat' dir='ltr'>dia</span> <span class='ocrx_word' id='word_1_594' title='bbox 453 4458 704 4516; x_wconf 79' lang='lat' dir='ltr'>sititissasutam</span> <span class='ocrx_word' id='word_1_595' title='bbox 717 4458 753 4515; x_wconf 89' lang='lat' dir='ltr'>de</span> <span class='ocrx_word' id='word_1_596' title='bbox 767 4466 870 4515; x_wconf 87' lang='lat' dir='ltr'>sancta</span> <span class='ocrx_word' id='word_1_597' title='bbox 880 4459 941 4517; x_wconf 88' lang='lat' dir='ltr'>lla·</span> <span class='ocrx_word' id='word_1_598' title='bbox 956 4455 982 4524; x_wconf 72' lang='lat' dir='ltr'>B</span> <span class='ocrx_word' id='word_1_599' title='bbox 996 4476 1082 4517; x_wconf 89' lang='lat' dir='ltr'>nem:</span> <span class='ocrx_word' id='word_1_600' title='bbox 1108 4477 1209 4519; x_wconf 83' lang='lat' dir='ltr'>varens</span> <span class='ocrx_word' id='word_1_601' title='bbox 1224 4478 1341 4534; x_wconf 86' lang='lat' dir='ltr'>quoque</span> <span class='ocrx_word' id='word_1_602' title='bbox 1364 4464 1393 4518; x_wconf 88' lang='lat' dir='ltr'>in</span> <span class='ocrx_word' id='word_1_603' title='bbox 1418 4462 1546 4535; x_wconf 91' lang='lat' dir='ltr'>capitulo</span> <span class='ocrx_word' id='word_1_604' title='bbox 1571 4465 1731 4524; x_wconf 84' lang='lat' dir='ltr'>remissius</span> <span class='ocrx_word' id='word_1_605' title='bbox 1755 4480 1820 4524; x_wconf 87' lang='lat' dir='ltr'>raes</span> 
     </span>
     <span class='ocr_line' id='line_1_49' title="bbox 122 4546 1823 4626; baseline -0.003 -11"><span class='ocrx_word' id='word_1_606' title='bbox 122 4559 177 4626; x_wconf 89' lang='lat' dir='ltr'>ris,</span> <span class='ocrx_word' id='word_1_607' title='bbox 192 4556 228 4614; x_wconf 88' lang='lat' dir='ltr'>sd</span> <span class='ocrx_word' id='word_1_608' title='bbox 243 4569 331 4626; x_wconf 90' lang='lat' dir='ltr'>quam</span> <span class='ocrx_word' id='word_1_609' title='bbox 348 4550 447 4607; x_wconf 90' lang='lat' dir='ltr'>nultus</span> <span class='ocrx_word' id='word_1_610' title='bbox 463 4548 517 4606; x_wconf 87' lang='lat' dir='ltr'>hac</span> <span class='ocrx_word' id='word_1_611' title='bbox 532 4548 578 4606; x_wconf 90' lang='lat' dir='ltr'>dia</span> <span class='ocrx_word' id='word_1_612' title='bbox 593 4546 833 4623; x_wconf 87' lang='lat' dir='ltr'>communicet,et</span> <span class='ocrx_word' id='word_1_613' title='bbox 847 4549 942 4620; x_wconf 89' lang='lat' dir='ltr'>quoti·</span> <span class='ocrx_word' id='word_1_614' title='bbox 997 4549 1104 4606; x_wconf 91' lang='lat' dir='ltr'>humili</span> <span class='ocrx_word' id='word_1_615' title='bbox 1120 4565 1213 4623; x_wconf 89' lang='lat' dir='ltr'>usque</span> <span class='ocrx_word' id='word_1_616' title='bbox 1228 4557 1295 4623; x_wconf 90' lang='lat' dir='ltr'>post</span> <span class='ocrx_word' id='word_1_617' title='bbox 1308 4549 1456 4624; x_wconf 88' lang='lat' dir='ltr'>Vesperae</span> <span class='ocrx_word' id='word_1_618' title='bbox 1468 4551 1743 4625; x_wconf 73' lang='lat' dir='ltr'>invigilial&#39;asclrae</span> <span class='ocrx_word' id='word_1_619' title='bbox 1757 4560 1823 4613; x_wconf 89' lang='lat' dir='ltr'>sunt</span> 
     </span>
     <span class='ocr_line' id='line_1_50' title="bbox 122 4639 1125 4718; baseline -0.009 -13"><span class='ocrx_word' id='word_1_620' title='bbox 122 4648 211 4705; x_wconf 89' lang='lat' dir='ltr'>diana</span> <span class='ocrx_word' id='word_1_621' title='bbox 226 4660 277 4718; x_wconf 91' lang='lat' dir='ltr'>pro</span> <span class='ocrx_word' id='word_1_622' title='bbox 291 4640 438 4699; x_wconf 80' lang='lat' dir='ltr'>defunctis</span> <span class='ocrx_word' id='word_1_623' title='bbox 454 4639 633 4697; x_wconf 88' lang='lat' dir='ltr'>cantabitur.</span> <span class='ocrx_word' id='word_1_624' title='bbox 997 4639 1125 4697; x_wconf 90' lang='lat' dir='ltr'>dicendi.</span> 
     </span>
    </p>

    <p class='ocr_par' dir='ltr' id='par_1_7' title="bbox 120 4727 1827 5442">
     <span class='ocr_line' id='line_1_51' title="bbox 159 4727 1823 4804; baseline -0.001 -11"><span class='ocrx_word' id='word_1_625' title='bbox 159 4736 227 4793; x_wconf 84' lang='lat' dir='ltr'>Post</span> <span class='ocrx_word' id='word_1_626' title='bbox 241 4736 352 4791; x_wconf 82' lang='lat' dir='ltr'>sestam</span> <span class='ocrx_word' id='word_1_627' title='bbox 367 4731 471 4786; x_wconf 89' lang='lat' dir='ltr'>horam</span> <span class='ocrx_word' id='word_1_628' title='bbox 487 4727 634 4800; x_wconf 88' lang='lat' dir='ltr'>portarius</span> <span class='ocrx_word' id='word_1_629' title='bbox 655 4727 724 4800; x_wconf 87' lang='lat' dir='ltr'>(nisi</span> <span class='ocrx_word' id='word_1_630' title='bbox 753 4727 835 4785; x_wconf 86' lang='lat' dir='ltr'>alteri</span> <span class='ocrx_word' id='word_1_631' title='bbox 852 4729 943 4786; x_wconf 89' lang='lat' dir='ltr'>abbas</span> <span class='ocrx_word' id='word_1_632' title='bbox 1034 4731 1195 4804; x_wconf 86' lang='lat' dir='ltr'>Postquam</span> <span class='ocrx_word' id='word_1_633' title='bbox 1209 4733 1398 4788; x_wconf 84' lang='lat' dir='ltr'>conventnss</span> <span class='ocrx_word' id='word_1_634' title='bbox 1412 4746 1515 4788; x_wconf 86' lang='lat' dir='ltr'>mensa</span> <span class='ocrx_word' id='word_1_635' title='bbox 1530 4732 1823 4802; x_wconf 67' lang='lat' dir='ltr'>surrexeritlratres,</span> 
     </span>
     <span class='ocr_line' id='line_1_52' title="bbox 120 4815 1824 4899; baseline -0.002 -15"><span class='ocrx_word' id='word_1_636' title='bbox 120 4824 254 4899; x_wconf 88' lang='lat' dir='ltr'>jusserit)</span> <span class='ocrx_word' id='word_1_637' title='bbox 267 4823 311 4880; x_wconf 91' lang='lat' dir='ltr'>tot</span> <span class='ocrx_word' id='word_1_638' title='bbox 325 4834 468 4894; x_wconf 87' lang='lat' dir='ltr'>pauperes</span> <span class='ocrx_word' id='word_1_639' title='bbox 481 4815 580 4888; x_wconf 86' lang='lat' dir='ltr'>eligat,</span> <span class='ocrx_word' id='word_1_640' title='bbox 591 4821 663 4888; x_wconf 90' lang='lat' dir='ltr'>quot</span> <span class='ocrx_word' id='word_1_641' title='bbox 678 4817 815 4875; x_wconf 86' lang='lat' dir='ltr'>monachi</span> <span class='ocrx_word' id='word_1_642' title='bbox 830 4825 897 4875; x_wconf 86' lang='lat' dir='ltr'>sunt</span> <span class='ocrx_word' id='word_1_643' title='bbox 913 4818 942 4874; x_wconf 95' lang='lat' dir='ltr'>in</span> <span class='ocrx_word' id='word_1_644' title='bbox 999 4820 1096 4894; x_wconf 89' lang='lat' dir='ltr'>quiin</span> <span class='ocrx_word' id='word_1_645' title='bbox 1113 4820 1175 4893; x_wconf 88' lang='lat' dir='ltr'>ipso</span> <span class='ocrx_word' id='word_1_646' title='bbox 1190 4819 1237 4876; x_wconf 90' lang='lat' dir='ltr'>die</span> <span class='ocrx_word' id='word_1_647' title='bbox 1248 4819 1277 4876; x_wconf 90' lang='lat' dir='ltr'>iu</span> <span class='ocrx_word' id='word_1_648' title='bbox 1294 4819 1421 4894; x_wconf 88' lang='lat' dir='ltr'>capitulo</span> <span class='ocrx_word' id='word_1_649' title='bbox 1437 4821 1471 4878; x_wconf 87' lang='lat' dir='ltr'>sd</span> <span class='ocrx_word' id='word_1_650' title='bbox 1491 4821 1753 4882; x_wconf 84' lang='lat' dir='ltr'>blandatamillius</span> <span class='ocrx_word' id='word_1_651' title='bbox 1769 4824 1824 4882; x_wconf 90' lang='lat' dir='ltr'>diei</span> 
     </span>
     <span class='ocr_line' id='line_1_53' title="bbox 123 4908 1824 4988; baseline -0.004 -11"><span class='ocrx_word' id='word_1_652' title='bbox 123 4915 266 4977; x_wconf 82' lang='lat' dir='ltr'>coenobio.</span> <span class='ocrx_word' id='word_1_653' title='bbox 281 4913 316 4970; x_wconf 87' lang='lat' dir='ltr'>lli</span> <span class='ocrx_word' id='word_1_654' title='bbox 331 4925 398 4968; x_wconf 83' lang='lat' dir='ltr'>vero</span> <span class='ocrx_word' id='word_1_655' title='bbox 413 4923 516 4967; x_wconf 88' lang='lat' dir='ltr'>omnes</span> <span class='ocrx_word' id='word_1_656' title='bbox 532 4908 568 4963; x_wconf 86' lang='lat' dir='ltr'>ad</span> <span class='ocrx_word' id='word_1_657' title='bbox 584 4908 747 4966; x_wconf 84' lang='lat' dir='ltr'>oraticnem</span> <span class='ocrx_word' id='word_1_658' title='bbox 768 4925 826 4967; x_wconf 91' lang='lat' dir='ltr'>non</span> <span class='ocrx_word' id='word_1_659' title='bbox 850 4909 944 4968; x_wconf 88' lang='lat' dir='ltr'>susci·</span> <span class='ocrx_word' id='word_1_660' title='bbox 999 4914 1069 4967; x_wconf 90' lang='lat' dir='ltr'>sunt</span> <span class='ocrx_word' id='word_1_661' title='bbox 1079 4925 1131 4984; x_wconf 90' lang='lat' dir='ltr'>per</span> <span class='ocrx_word' id='word_1_662' title='bbox 1143 4909 1273 4967; x_wconf 86' lang='lat' dir='ltr'>tabulam</span> <span class='ocrx_word' id='word_1_663' title='bbox 1283 4910 1500 4983; x_wconf 84' lang='lat' dir='ltr'>rocatl,aquam</span> <span class='ocrx_word' id='word_1_664' title='bbox 1512 4911 1636 4968; x_wconf 86' lang='lat' dir='ltr'>calidam</span> <span class='ocrx_word' id='word_1_665' title='bbox 1650 4928 1743 4986; x_wconf 87' lang='lat' dir='ltr'>quam</span> <span class='ocrx_word' id='word_1_666' title='bbox 1757 4912 1824 4988; x_wconf 85' lang='lat' dir='ltr'>ipsi-</span> 
     </span>
     <span class='ocr_line' id='line_1_54' title="bbox 124 4998 1823 5082; baseline -0.005 -16"><span class='ocrx_word' id='word_1_667' title='bbox 124 5004 306 5082; x_wconf 88' lang='lat' dir='ltr'>piantur,sed</span> <span class='ocrx_word' id='word_1_668' title='bbox 322 5001 352 5058; x_wconf 92' lang='lat' dir='ltr'>in</span> <span class='ocrx_word' id='word_1_669' title='bbox 368 5015 427 5056; x_wconf 88' lang='lat' dir='ltr'>uno</span> <span class='ocrx_word' id='word_1_670' title='bbox 438 4998 501 5055; x_wconf 88' lang='lat' dir='ltr'>loco</span> <span class='ocrx_word' id='word_1_671' title='bbox 518 5002 657 5054; x_wconf 87' lang='lat' dir='ltr'>maneant</span> <span class='ocrx_word' id='word_1_672' title='bbox 670 4998 762 5056; x_wconf 90' lang='lat' dir='ltr'>donec</span> <span class='ocrx_word' id='word_1_673' title='bbox 773 5001 808 5057; x_wconf 86' lang='lat' dir='ltr'>ad</span> <span class='ocrx_word' id='word_1_674' title='bbox 823 5001 946 5056; x_wconf 87' lang='lat' dir='ltr'>manda·</span> <span class='ocrx_word' id='word_1_675' title='bbox 1000 5004 1061 5056; x_wconf 87' lang='lat' dir='ltr'>met</span> <span class='ocrx_word' id='word_1_676' title='bbox 1078 5004 1164 5056; x_wconf 87' lang='lat' dir='ltr'>antea</span> <span class='ocrx_word' id='word_1_677' title='bbox 1175 4999 1329 5056; x_wconf 76' lang='lat' dir='ltr'>calefacere</span> <span class='ocrx_word' id='word_1_678' title='bbox 1344 4999 1492 5068; x_wconf 69' lang='lat' dir='ltr'>debentia</span> <span class='ocrx_word' id='word_1_679' title='bbox 1502 4998 1664 5059; x_wconf 88' lang='lat' dir='ltr'>claustrum</span> <span class='ocrx_word' id='word_1_680' title='bbox 1680 5002 1823 5061; x_wconf 87' lang='lat' dir='ltr'>delerant.</span> 
     </span>
     <span class='ocr_line' id='line_1_55' title="bbox 123 5087 1825 5167; baseline -0.002 -13"><span class='ocrx_word' id='word_1_681' title='bbox 123 5106 187 5154; x_wconf 90' lang='lat' dir='ltr'>tam</span> <span class='ocrx_word' id='word_1_682' title='bbox 203 5096 360 5159; x_wconf 87' lang='lat' dir='ltr'>ducantur,</span> <span class='ocrx_word' id='word_1_683' title='bbox 373 5094 402 5146; x_wconf 89' lang='lat' dir='ltr'>et</span> <span class='ocrx_word' id='word_1_684' title='bbox 417 5087 534 5145; x_wconf 88' lang='lat' dir='ltr'>interim</span> <span class='ocrx_word' id='word_1_685' title='bbox 547 5088 615 5144; x_wconf 91' lang='lat' dir='ltr'>dum</span> <span class='ocrx_word' id='word_1_686' title='bbox 633 5087 714 5146; x_wconf 86' lang='lat' dir='ltr'>lions</span> <span class='ocrx_word' id='word_1_687' title='bbox 728 5093 945 5157; x_wconf 69' lang='lat' dir='ltr'>cantataqccn·</span> <span class='ocrx_word' id='word_1_688' title='bbox 1000 5088 1055 5146; x_wconf 85' lang='lat' dir='ltr'>Ubi</span> <span class='ocrx_word' id='word_1_689' title='bbox 1070 5095 1169 5146; x_wconf 86' lang='lat' dir='ltr'>tamen</span> <span class='ocrx_word' id='word_1_690' title='bbox 1186 5089 1277 5146; x_wconf 85' lang='lat' dir='ltr'>abbas</span> <span class='ocrx_word' id='word_1_691' title='bbox 1292 5090 1321 5145; x_wconf 92' lang='lat' dir='ltr'>in</span> <span class='ocrx_word' id='word_1_692' title='bbox 1334 5088 1478 5147; x_wconf 85' lang='lat' dir='ltr'>trahenda</span> <span class='ocrx_word' id='word_1_693' title='bbox 1490 5094 1519 5146; x_wconf 90' lang='lat' dir='ltr'>et</span> <span class='ocrx_word' id='word_1_694' title='bbox 1536 5089 1738 5150; x_wconf 81' lang='lat' dir='ltr'>calefacienda</span> <span class='ocrx_word' id='word_1_695' title='bbox 1753 5109 1825 5167; x_wconf 80' lang='lat' dir='ltr'>aqua</span> 
     </span>
     <span class='ocr_line' id='line_1_56' title="bbox 123 5176 1825 5251; baseline -0.001 -9"><span class='ocrx_word' id='word_1_696' title='bbox 123 5202 225 5244; x_wconf 87' lang='lat' dir='ltr'>versus</span> <span class='ocrx_word' id='word_1_697' title='bbox 237 5183 330 5240; x_wconf 88' lang='lat' dir='ltr'>laicas</span> <span class='ocrx_word' id='word_1_698' title='bbox 343 5181 461 5249; x_wconf 78' lang='lat' dir='ltr'>edJutor</span> <span class='ocrx_word' id='word_1_699' title='bbox 479 5176 615 5233; x_wconf 86' lang='lat' dir='ltr'>monachi</span> <span class='ocrx_word' id='word_1_700' title='bbox 629 5176 793 5248; x_wconf 85' lang='lat' dir='ltr'>hospitalis,</span> <span class='ocrx_word' id='word_1_701' title='bbox 809 5184 837 5234; x_wconf 92' lang='lat' dir='ltr'>et</span> <span class='ocrx_word' id='word_1_702' title='bbox 850 5177 945 5236; x_wconf 84' lang='lat' dir='ltr'>ceteri</span> <span class='ocrx_word' id='word_1_703' title='bbox 1001 5196 1035 5236; x_wconf 91' lang='lat' dir='ltr'>ac</span> <span class='ocrx_word' id='word_1_704' title='bbox 1050 5180 1080 5235; x_wconf 94' lang='lat' dir='ltr'>in</span> <span class='ocrx_word' id='word_1_705' title='bbox 1090 5179 1253 5237; x_wconf 86' lang='lat' dir='ltr'>claustrum</span> <span class='ocrx_word' id='word_1_706' title='bbox 1269 5178 1436 5247; x_wconf 77' lang='lat' dir='ltr'>deierando,</span> <span class='ocrx_word' id='word_1_707' title='bbox 1451 5179 1598 5251; x_wconf 87' lang='lat' dir='ltr'>adjutorio</span> <span class='ocrx_word' id='word_1_708' title='bbox 1615 5194 1825 5241; x_wconf 82' lang='lat' dir='ltr'>conversorum</span> 
     </span>
     <span class='ocr_line' id='line_1_57' title="bbox 124 5266 1827 5343; baseline -0.002 -8"><span class='ocrx_word' id='word_1_709' title='bbox 124 5266 946 5343; x_wconf 84' lang='lat' dir='ltr'>iratreslaiciquoscellarariusadvocaverit,dnosntpau·</span> <span class='ocrx_word' id='word_1_710' title='bbox 1001 5286 1075 5343; x_wconf 90' lang='lat' dir='ltr'>opus</span> <span class='ocrx_word' id='word_1_711' title='bbox 1091 5284 1155 5327; x_wconf 87' lang='lat' dir='ltr'>esse</span> <span class='ocrx_word' id='word_1_712' title='bbox 1169 5268 1292 5326; x_wconf 86' lang='lat' dir='ltr'>viderit:</span> <span class='ocrx_word' id='word_1_713' title='bbox 1310 5268 1480 5326; x_wconf 88' lang='lat' dir='ltr'>cellararius</span> <span class='ocrx_word' id='word_1_714' title='bbox 1495 5270 1679 5329; x_wconf 82' lang='lat' dir='ltr'>sufficienter</span> <span class='ocrx_word' id='word_1_715' title='bbox 1697 5290 1753 5343; x_wconf 91' lang='lat' dir='ltr'>per</span> <span class='ocrx_word' id='word_1_716' title='bbox 1763 5288 1827 5331; x_wconf 88' lang='lat' dir='ltr'>con·</span> 
     </span>
     <span class='ocr_line' id='line_1_58' title="bbox 125 5358 1827 5442; baseline -0.005 -16"><span class='ocrx_word' id='word_1_717' title='bbox 125 5384 209 5442; x_wconf 87' lang='lat' dir='ltr'>peres</span> <span class='ocrx_word' id='word_1_718' title='bbox 219 5367 251 5424; x_wconf 91' lang='lat' dir='ltr'>in</span> <span class='ocrx_word' id='word_1_719' title='bbox 265 5364 439 5427; x_wconf 87' lang='lat' dir='ltr'>claustrum,</span> <span class='ocrx_word' id='word_1_720' title='bbox 455 5361 554 5433; x_wconf 90' lang='lat' dir='ltr'>ibique</span> <span class='ocrx_word' id='word_1_721' title='bbox 567 5375 618 5417; x_wconf 91' lang='lat' dir='ltr'>eos</span> <span class='ocrx_word' id='word_1_722' title='bbox 628 5361 728 5418; x_wconf 84' lang='lat' dir='ltr'>sadaca</span> <span class='ocrx_word' id='word_1_723' title='bbox 739 5368 767 5418; x_wconf 91' lang='lat' dir='ltr'>et</span> <span class='ocrx_word' id='word_1_724' title='bbox 782 5360 947 5418; x_wconf 86' lang='lat' dir='ltr'>discalciari</span> <span class='ocrx_word' id='word_1_725' title='bbox 1000 5376 1101 5417; x_wconf 83' lang='lat' dir='ltr'>versos</span> <span class='ocrx_word' id='word_1_726' title='bbox 1116 5359 1330 5417; x_wconf 87' lang='lat' dir='ltr'>subministret.</span> <span class='ocrx_word' id='word_1_727' title='bbox 1348 5358 1382 5416; x_wconf 84' lang='lat' dir='ltr'>lit</span> <span class='ocrx_word' id='word_1_728' title='bbox 1395 5358 1471 5416; x_wconf 88' lang='lat' dir='ltr'>lacto</span> <span class='ocrx_word' id='word_1_729' title='bbox 1486 5376 1577 5433; x_wconf 82' lang='lat' dir='ltr'>parvo</span> <span class='ocrx_word' id='word_1_730' title='bbox 1592 5360 1749 5422; x_wconf 78' lang='lat' dir='ltr'>intervallo</span> <span class='ocrx_word' id='word_1_731' title='bbox 1764 5365 1827 5422; x_wconf 85' lang='lat' dir='ltr'>eant</span> 
     </span>
    </p>
   </div>
   <div class='ocr_carea' id='block_1_3' title="bbox 129 5466 1827 5619">
    <p class='ocr_par' dir='ltr' id='par_1_8' title="bbox 129 5466 1827 5619">
     <span class='ocr_line' id='line_1_59' title="bbox 162 5466 1827 5545; baseline 0.002 -18"><span class='ocrx_word' id='word_1_732' title='bbox 162 5473 217 5542; x_wconf 79' lang='lat'>(25)</span> <span class='ocrx_word' id='word_1_733' title='bbox 234 5473 419 5545; x_wconf 73' lang='lat' dir='ltr'>deqatcriter,</span> <span class='ocrx_word' id='word_1_734' title='bbox 431 5468 459 5524; x_wconf 87' lang='lat' dir='ltr'>iu</span> <span class='ocrx_word' id='word_1_735' title='bbox 472 5472 517 5525; x_wconf 85' lang='lat' dir='ltr'>est</span> <span class='ocrx_word' id='word_1_736' title='bbox 531 5468 693 5526; x_wconf 87' lang='lat' dir='ltr'>secundum</span> <span class='ocrx_word' id='word_1_737' title='bbox 708 5467 884 5541; x_wconf 65' lang='lat' dir='ltr'>Regulam&amp;</span> <span class='ocrx_word' id='word_1_738' title='bbox 895 5468 946 5527; x_wconf 81' lang='lat' dir='ltr'>lte·</span> <span class='ocrx_word' id='word_1_739' title='bbox 1037 5468 1093 5540; x_wconf 74' lang='lat' dir='ltr'>(sd)</span> <span class='ocrx_word' id='word_1_740' title='bbox 1111 5467 1222 5523; x_wconf 81' lang='lat' dir='ltr'>tentam</span> <span class='ocrx_word' id='word_1_741' title='bbox 1236 5466 1405 5537; x_wconf 66' lang='lat' dir='ltr'>presseqid</span> <span class='ocrx_word' id='word_1_742' title='bbox 1416 5468 1462 5524; x_wconf 86' lang='lat' dir='ltr'>est</span> <span class='ocrx_word' id='word_1_743' title='bbox 1474 5467 1717 5544; x_wconf 81' lang='lat' dir='ltr'>genuflectentes,</span> <span class='ocrx_word' id='word_1_744' title='bbox 1731 5470 1827 5531; x_wconf 78' lang='lat' dir='ltr'>mani·</span> 
     </span>
     <span class='ocr_line' id='line_1_60' title="bbox 129 5539 1362 5619; baseline -0.001 -20"><span class='ocrx_word' id='word_1_745' title='bbox 129 5542 247 5603; x_wconf 61' lang='lat' dir='ltr'>amicti.</span> <span class='ocrx_word' id='word_1_746' title='bbox 316 5614 319 5619; x_wconf 11' lang='grc' dir='ltr'><strong><em>Δ</em></strong></span> <span class='ocrx_word' id='word_1_747' title='bbox 1000 5540 1057 5598; x_wconf 89' lang='lat' dir='ltr'>bus</span> <span class='ocrx_word' id='word_1_748' title='bbox 1071 5541 1107 5596; x_wconf 90' lang='lat' dir='ltr'>ad</span> <span class='ocrx_word' id='word_1_749' title='bbox 1122 5545 1232 5597; x_wconf 86' lang='lat' dir='ltr'>terram</span> <span class='ocrx_word' id='word_1_750' title='bbox 1245 5539 1362 5614; x_wconf 86' lang='lat' dir='ltr'>positis.</span> 
     </span>
    </p>
   </div>
   <div class='ocr_carea' id='block_1_4' title="bbox 0 0 1942 6000">
    <p class='ocr_par' dir='ltr' id='par_1_9' title="bbox 0 0 1942 6000">
     <span class='ocr_line' id='line_1_61' title="bbox 0 0 1942 6000; baseline 0 0"><span class='ocrx_word' id='word_1_751' title='bbox 0 0 1942 6000; x_wconf 95' lang='lat' dir='ltr'> </span> 
     </span>
    </p>
   </div>
  </div>
 </body>
</html>
