3788 6000
169 181 248 249 tito
718 179 905 248 Babuntct
927 176 1118 244 henneis
1139 176 1324 248 necuter.
1796 188 1866 255 laet

175 314 382 374 serenissimus
398 314 555 389 aliquoties
583 320 685 372 contra
713 330 767 375 nos
795 312 996 372 immissiones
1007 317 1039 386 Α
1053 312 1218 395 gurgitibus
1233 313 1398 391 intercepti,
1426 317 1656 381 audooabsntnr.
1681 319 1869 396 Omnipotens

175 404 270 462 mains
285 408 438 478 preparat,
455 407 488 462 ut
503 404 695 479 corrigamur,
707 411 739 463 ut
755 405 927 476 clamemus,
943 419 996 462 neo
1050 404 1168 470 etenim.
1182 406 1218 463 ad
1232 407 1444 466 ostendendam
1461 408 1542 467 chari
1556 411 1603 468 sui
1618 410 1772 483 metumn,
1788 412 1870 472 iilum

174 493 358 561 deficiamus,
385 503 532 566 quotenus
556 495 760 553 exaudiamur.
792 494 998 552 clamaverunt
1049 497 1304 556 exterminatorem
1320 514 1446 557 cuneum
1462 501 1688 576 exterminabat,
1709 506 1738 561 et
1764 500 1873 561 Vaten·

172 588 270 640 auicm
287 584 535 641 Gcmnreiicenses
547 586 582 641 sd
598 584 770 654 Dominum,
786 586 822 642 ud
851 600 938 657 quern
966 589 996 644 et
1049 585 1102 642 tini
1118 586 1163 643 sui
1180 604 1285 645 nomen
1302 605 1353 661 per
1367 588 1422 647 hoo
1438 592 1629 665 propagabat.

170 673 640 747 clamareoportebai,quiajam
671 677 707 732 ab
737 674 915 732 animalibus
935 674 994 732 illia
1083 676 1110 732 7.
1126 677 1309 736 Mirabantur
1323 683 1352 737 et
1365 679 1609 754 obstupescebant
1637 681 1800 755 piscatores
1827 685 1872 742 in·

169 764 216 821 rix
233 763 342 837 aliquid
359 764 510 821 residuum
544 768 616 821 erat.
645 764 707 822 Non
737 765 814 823 enim
844 763 995 822 reliudie
1048 772 1216 825 consuetam
1234 769 1444 841 providentiam
1465 770 1576 829 retibus
1606 772 1671 830 suia
1698 773 1871 834 retinentes.

169 857 215 911 acl
231 857 260 912 in
276 859 360 913 nocta
376 870 393 910 a
407 858 538 926 angeium
555 856 777 930 consumptione
798 854 992 926 absistebant,
1046 855 1094 914 Sin
1104 856 1205 930 paucis
1217 857 1321 917 diebus
1331 859 1455 918 mulotes
1469 858 1513 917 illi
1527 860 1593 919 altis
1606 861 1740 923 hiatibus
1770 864 1872 924 maor·

169 948 221 1004 aed
236 946 391 1003 inimicum
404 961 527 1003 examen
557 947 678 1005 inimico
706 947 796 1005 dente
817 962 903 1003 omns
920 960 994 1003 mes·
1046 945 1088 1018 pii
1104 951 1182 1017 aaut,
1198 949 1391 1009 sidenorum
1407 950 1608 1011 absentatione
1634 968 1740 1013 omnes
1755 953 1867 1031 indige·

168 1038 246 1094 aium
263 1036 377 1093 culmen
393 1036 542 1092 secabant.
553 1035 675 1093 Videres
688 1035 755 1093 illas
770 1038 847 1094 ieras
860 1036 992 1110 legiones
1046 1053 1089 1095 ne
1104 1037 1196 1110 gavisi
1211 1045 1290 1098 aunt.
1306 1040 1380 1097 Nam
1396 1041 1528 1098 nondum
1541 1040 1591 1100 ilis
1607 1043 1707 1101 malus
1725 1044 1869 1103 exercitus

167 1143 219 1200 per
233 1143 319 1199 agros
335 1125 530 1193 lascivientes,
547 1142 600 1182 noc
615 1130 679 1183 orat
693 1125 742 1199 qui
759 1125 864 1183 ultioni
886 1125 990 1182 divine
1044 1145 1138 1201 usque
1152 1130 1188 1186 ad
1204 1128 1435 1188 internecionem
1458 1135 1550 1189 tntum
1580 1133 1786 1204 trituraverat,
1801 1150 1870 1205 qno·

167 1215 325 1273 resisteret.
340 1215 545 1273 clamaverunt
561 1216 652 1290 igitur
665 1216 700 1273 nd
715 1215 870 1274 Dominum
897 1214 990 1272 medi·
1044 1219 1123 1276 niam
1138 1218 1285 1276 Valentini
1311 1221 1404 1279 oratio
1432 1221 1512 1279 luem
1541 1221 1622 1279 illam
1644 1224 1868 1298 anticipaverat.

166 1307 293 1371 tulllius,
307 1307 356 1380 qui
374 1307 491 1363 taudem
509 1305 658 1362 exaudivit
685 1322 747 1376 eoa,
774 1310 804 1362 et
832 1305 887 1363 hon
903 1305 990 1365 modo
1042 1314 1230 1368 hiessuerunt
1256 1310 1346 1383 igitur
1374 1312 1452 1385 quod
1485 1311 1636 1369 residuum
1677 1313 1867 1384 inuenerunt,

167 1393 586 1465 liberavitattlioios3etenim
616 1396 701 1455 interi
725 1395 987 1469 compellebantur,
1042 1399 1110 1474 plne
1130 1400 1166 1457 do
1176 1404 1239 1471 tam
1255 1401 1393 1475 presenti
1410 1401 1552 1459 mirnoalo
1564 1400 1686 1461 hilarati
1717 1404 1870 1479 quoinde

168 1505 225 1544 nun
242 1486 360 1544 aliunde
390 1487 555 1561 passionem
583 1487 665 1544 illam
695 1486 802 1544 illudve
826 1486 986 1560 flagellum,
1041 1486 1337 1559 precedentidamuo
1364 1486 1424 1545 lere
1453 1487 1629 1558 contristati,
1645 1488 1800 1562 siquidem
1825 1506 1869 1547 se-

167 1578 224 1633 nlei
241 1594 274 1634 ex
291 1576 341 1633 lici
356 1575 495 1645 vindicta,
513 1577 701 1651 processisse.
1041 1592 1107 1633 etim
1136 1576 1285 1635 habebant
1311 1574 1428 1634 tidelem
1467 1581 1634 1651 patronam,
1662 1579 1867 1636 exauditorem

200 1667 228 1722 5.
246 1667 311 1723 Erat
326 1668 356 1722 in
373 1665 494 1724 ccclesia
511 1666 734 1725 Gemmetioensi
759 1665 879 1739 quidam
909 1666 986 1723 inter
1001 1710 1025 1777 B
1042 1671 1223 1740 promptum,
1239 1667 1404 1740 adjutorem
1417 1667 1668 1741 attrocissimum,
1685 1668 1733 1725 cui
1744 1684 1868 1725 socom-

164 1759 269 1815 tratres
286 1755 437 1829 religiosos
453 1756 620 1829 religiosus,
636 1756 683 1813 oui
698 1756 789 1815 semel
816 1755 847 1811 in
862 1754 986 1814 ecclesia
1040 1757 1191 1827 miserunt,
1212 1757 1364 1814 dominum
1392 1772 1481 1814 auum
1505 1755 1703 1817 Valentinum.
1729 1757 1865 1814 Confide-

163 1852 192 1903 et
207 1846 303 1903 denuo
318 1851 439 1903 sanctus
454 1846 591 1919 apparuit
604 1844 787 1903 Valentinus.
804 1849 871 1902 licat
886 1850 986 1903 nutem
1038 1847 1109 1904 bant
1123 1847 1222 1920 etiarn,
1238 1846 1305 1919 quia
1320 1847 1356 1902 de
1384 1846 1523 1904 omnibus
1555 1846 1621 1904 aliis
1648 1847 1801 1921 angustiis
1816 1863 1867 1919 per

160 1933 286 1992 honesta
300 1951 435 2007 persona,
451 1935 540 2007 patiio
555 1939 691 2008 comptus
703 1935 985 2004 nandidn,saccrdo·
1036 1937 1069 1995 Β.
1083 1935 1273 1994 Valentinum
1293 1934 1432 1991 liberaret
1460 1950 1510 1992 ens
1541 1934 1694 2005 Dominus,
1720 1934 1863 2008 qnoniam

161 2025 580 2094 talidecoraiusindumentn;
595 2042 664 2083 voce
685 2042 804 2099 quoque
827 2026 986 2099 imperiosa
1036 2025 1245 2100 promittebant
1258 2040 1289 2080 se
1305 2023 1389 2082 illum
1409 2024 1532 2098 posthac
1561 2024 1715 2082 habituros
1741 2025 1863 2082 honori·

160 2116 230 2172 dicii
244 2118 269 2174 ni
288 2135 295 2175 ε
312 2138 327 2166 «
338 2117 541 2190 Vade,iuquit,
558 2121 586 2174 et
601 2118 647 2174 dic
662 2118 814 2190 tratribus,
841 2122 872 2175 ut
899 2119 985 2190 caput
1035 2114 1382 2188 ssceniins.1iirulgatum
1398 2118 1444 2170 eet
1458 2114 1537 2171 istud
1552 2114 1745 2171 circumcirca
1775 2116 1862 2172 mira·

160 2211 304 2274 nostrum,
320 2207 356 2262 dc
370 2223 429 2278 quo
442 2206 562 2278 quidum
578 2207 733 2280 ambigunt
743 2206 924 2279 (Valentinus
940 2207 984 2264 ei·
1034 2208 1143 2277 culum,
1159 2207 1260 2279 etjam
1277 2205 1306 2260 in
1323 2220 1372 2263 ore
1387 2204 1520 2262 omnium
1537 2204 1731 2280 frequentari,
1746 2205 1860 2264 beatis·

158 2295 278 2366 quidem
294 2310 347 2367 rgo
362 2297 507 2368 sum),per
518 2311 605 2369 agros
620 2303 649 2352 ct
665 2296 811 2370 regionem
826 2297 914 2353 iatam
930 2296 981 2353 dc·
1032 2300 1142 2356 simum
1158 2298 1260 2355 audire
1273 2295 1473 2353 Valentinum.
1486 2298 1667 2371 Apparatum
1700 2296 1797 2372 igitur
1810 2315 1861 2355 ox-

156 2386 262 2450 icrant,
274 2386 402 2458 compita
412 2385 456 2441 val
468 2384 580 2458 plateas
591 2387 785 2458 circumeant,
800 2389 870 2461 quia
880 2404 981 2446 revera
1031 2389 1141 2462 templo
1154 2387 1353 2462 praeordinant
1362 2387 1557 2445 venustiorem
1573 2386 1603 2443 in
1618 2403 1677 2461 quo
1694 2387 1860 2461 requiesce·

155 2482 234 2535 Deus
249 2477 292 2533 eia
308 2475 524 2547 propitiabitur,
540 2476 565 2534 si
596 2479 689 2535 nostri
719 2494 752 2534 ex
774 2477 979 2536 hocnuncie·
1030 2479 1132 2539 retvel
1157 2479 1396 2538 circumferretur
1424 2483 1454 2535 et
1481 2479 1632 2553 capsulam
1658 2478 1858 2555 deargentant

155 2566 264 2622 stirrius
277 2565 530 2622 reminiscuntur.»
541 2565 722 2639 Contempsit
736 2567 978 2641 homo‚qnoniam
1029 2572 1092 2630 suia
1108 2572 1256 2631 munificis
1270 2571 1486 2647 largitionibus.

152 2653 354 2711 arbitrabatur
369 2655 406 2710 de
418 2654 544 2712 somnio.
562 2655 612 2712 ilie
627 2655 716 2713 altera
740 2656 913 2714 Valentinus
927 2673 977 2716 oa·
1357 2703 1474 2762 CAPUT
1489 2704 1514 2760 H

153 2744 218 2800 dem
234 2745 314 2801 nisus
330 2751 375 2800 est
390 2744 530 2818 replicare
545 2746 642 2803 verba.
657 2745 715 2804 ttec
730 2752 800 2803 tunc
815 2746 977 2804 monachus

153 2833 364 2906 ,mmmm
376 2834 649 2892 &bumannum
677 2837 862 2909 ,npeouvig
886 2837 977 2895 Nom
1027 2814 1080 2889 Ope
1094 2814 1122 2873 S.
1142 2813 1283 2872 l’ctsutiui
1296 2810 1424 2870 incendio
1438 2811 1583 2868 exstincto.
1600 2811 1691 2868 Pestis
1702 2818 1729 2869 ei
1743 2811 1856 2870 siccitas

151 2925 975 2999 subsequentidumtratrespenomatutinasonnsumma·
1376 2883 1495 2941 mmm·

149 3018 214 3069 rent
228 3013 385 3086 orationes,
401 3014 598 3087 increpativus
614 3015 709 3072 adluit
737 3014 920 3085 Valentinus,
944 3020 974 3074 et
1061 3011 1246 3086 indignes
1276 3013 1373 3066 aniam
1405 3007 1524 3067 nocivos
1551 3007 1711 3082 sopiendos
1730 3014 1855 3085 experta

148 3120 228 3169 vnce,
242 3120 306 3176 qum
321 3121 338 3161 n
353 3104 453 3161 inultis
466 3105 561 3161 audiri
577 3105 684 3178 potuit,
701 3105 878 3163 monachum
890 3106 970 3163 desi·
985 3074 1011 3143 c
1027 3101 1082 3160 tuit
1093 3102 1122 3158 in
1134 3098 1305 3174 hujusmodi
1321 3098 1500 3172 virtussape
1519 3097 1688 3156 nominandi
1701 3101 1851 3175 martyris.

148 3196 314 3253 diosumita
344 3197 516 3270 redarguit:
547 3214 561 3245 a
589 3202 748 3271 Usquequo
778 3198 972 3255 dissimulasi
1024 3191 1152 3251 Otiioinm
1167 3188 1347 3248 tumulorum
1361 3187 1464 3261 ample
1479 3192 1508 3245 et
1520 3196 1657 3261 porrecte
1688 3189 1850 3247 monacho·

146 3303 300 3359 usquequo
316 3285 489 3359 pigritarisi
508 3302 605 3343 nonne
633 3287 715 3343 vides
742 3292 860 3358 quanio
887 3292 969 3345 terra
1024 3300 1089 3340 rum
1105 3279 1231 3339 citiciuis
1246 3282 1330 3336 erant
1343 3277 1530 3335 contermina
1544 3285 1572 3334 ei
1585 3276 1744 3351 contigue,
1761 3278 1852 3336 itaut

146 3375 194 3431 isti
210 3375 367 3431 imminent
381 3374 503 3431 clades?
530 3373 622 3442 Vade,
648 3374 794 3447 loquere:
816 3377 880 3448 jam
908 3376 968 3449 poli
1022 3374 1069 3429 rix
1097 3374 1256 3443 augustum
1288 3365 1448 3440 spatiolum
1479 3383 1496 3422 a
1524 3382 1555 3424 se
1593 3366 1666 3440 ipsis
1697 3366 1852 3426 dirimeret

146 3466 269 3520 tentare.
284 3464 334 3519 Sin
350 3469 483 3520 nutem...
501 3485 515 3515 »
530 3465 696 3520 audierunt
713 3465 805 3537 aliqui
833 3466 967 3523 homines
1021 3458 1268 3533 utrasque.lgnia
1296 3457 1414 3514 incaute
1443 3456 1649 3515 subcineratus
1679 3455 1847 3527 incanduit,

144 3550 326 3623 loquentem,
342 3556 370 3607 ot
383 3551 552 3623 strepitum,
569 3552 619 3609 sed
639 3558 737 3609 tamen
765 3570 823 3610 non
852 3553 967 3611 intelle·
1019 3555 1049 3609 ei
1063 3554 1155 3609 iotam
1168 3549 1290 3605 domum
1309 3545 1427 3603 illarum
1445 3545 1621 3603 labrinacum
1645 3543 1726 3604 illico
1755 3548 1846 3604 curri·

142 3655 209 3695 xero
228 3641 361 3695 norbum.
377 3640 477 3708 Adest,
494 3639 963 3713 cuieratimperatumevncaius,
1018 3641 1091 3715 puit.
1108 3637 1249 3697 Flammis
1270 3635 1483 3710 crepitantibus
1511 3635 1627 3693 furebat
1655 3635 1844 3707 incendium,

141 3729 231 3786 ruinis
245 3728 393 3786 Valentini
416 3728 585 3786 terribiliter
612 3730 737 3802 excitus,
766 3736 882 3789 enarrat
905 3732 964 3805 pri·
1016 3743 1045 3787 et
1059 3728 1188 3802 graviter
1224 3726 1393 3784 minabatur
1433 3725 1571 3782 domibus
1612 3728 1840 3795 monachornm,

43 3872 46 3877 .
141 3819 439 3878 mameiaccundnm
459 3819 614 3890 visionem,
643 3835 786 3894 suamque
813 3821 963 3895 redarguit
1016 3819 1204 3894 quodetiam
1230 3821 1309 3876 esset
1336 3816 1430 3890 ipsius
1454 3814 1583 3874 aedesio
1614 3815 1839 3875 detrimentum.

140 3910 363 3982 negligentiam.
1014 3911 1127 3966 Ventus
1142 3908 1226 3966 lentis
1241 3905 1461 3965 monachilibus
1474 3910 1537 3962 erat
1552 3905 1720 3963 contrarius
1734 3911 1766 3964 et
1776 3923 1841 3980 pro·

173 3999 363 4072 til’nstquam
376 3998 740 4058 isdeisriiacolloouiiune
765 4003 881 4059 locutus
905 4005 960 4073 est,
1015 3999 1147 4058 sitientes
1162 3996 1295 4055 scintille
1315 4000 1344 4053 ei
1358 3997 1483 4053 flamme
1500 3995 1717 4053 invehebantur
1743 3996 1773 4053 in
1792 3996 1841 4054 Dei

138 4088 378 4157 credideruntei,
395 4088 534 4161 qnoniam
563 4090 721 4146 audieruut
746 4105 845 4147 socom
867 4090 959 4147 incra·
1014 4105 1164 4147 seruorum
1180 4088 1304 4146 adibus.
1321 4086 1633 4144 llonanhimaiutiuos
1659 4083 1838 4158 psallebant,

138 4176 247 4250 pontis.
264 4177 369 4234 Statim
387 4194 489 4235 ornnes
502 4177 665 4235 accelerant
696 4195 804 4246 moras,
820 4184 960 4237 exornant
1013 4182 1064 4239 sed
1080 4179 1159 4255 ignis
1173 4177 1347 4236 necessitate
1361 4181 1491 4250 cogente,
1506 4175 1696 4249 psallentium
1707 4177 1782 4236 iilud
1794 4177 1840 4234 in-

136 4266 316 4323 tl.Vuientiui
333 4265 534 4337 capsulam,ui
546 4267 656 4340 portari
673 4268 795 4338 debeat;
822 4274 960 4340 coaptant
1012 4267 1283 4342 terruperunt,quia
1298 4266 1375 4340 qaod
1392 4266 1566 4323 imminebat
1587 4265 1754 4338 periculum
1781 4268 1838 4326 tor-

136 4354 192 4422 illi,
208 4357 372 4412 venarando
387 4356 520 4412 subdunt
547 4357 621 4415 colla
649 4357 814 4431 gestatorio,
833 4359 904 4430 quia
927 4357 956 4415 id
1011 4357 1173 4416 midabant.
1191 4357 1256 4413 lam
1271 4370 1339 4412 vero
1354 4358 1446 4412 totam
1463 4371 1545 4428 spem
1566 4355 1712 4412 evadendi
1732 4358 1837 4414 amise-

135 4446 353 4519 presumebant
368 4446 403 4502 de
416 4445 551 4504 Domino.
566 4445 726 4504 Coniluunt
740 4446 844 4503 accola
857 4452 949 4505 nater·
970 4451 1152 4517 [inanimum
1168 4446 1288 4518 quidam
1305 4461 1405 4502 eorum
1420 4443 1563 4501 torculum
1576 4444 1726 4502 Valentini
1748 4448 1834 4503 adve-

133 4535 237 4605 vatim,
267 4536 509 4608 iundnntpreces
538 4539 567 4592 et
593 4534 748 4609 lacrymas,
771 4535 957 4610 aliquatenus
1013 4533 1711 4608 hunt,etpeneilammisingeruntincendiiaqne
1735 4535 1834 4593 turen·

132 4624 279 4698 castigati,
295 4633 387 4697 agunt
402 4624 627 4695 processionem,
645 4640 693 4696 per
722 4624 799 4681 beati
815 4626 954 4697 sutfragia
1009 4622 1834 4699 tibusopponunt.tieacrueruntautemiheoaminierdo·

132 4714 280 4771 Valentini
296 4717 436 4787 expetunt
446 4716 474 4771 ui
486 4715 656 4786 exspectant
675 4712 781 4786 pietate
807 4730 861 4770 sua
883 4713 954 4772 libe·
1010 4731 1074 4772 mos
1085 4713 1308 4787 propinquiores
1320 4713 1569 4785 etdisceaserunt,
1584 4713 1655 4786 quia
1673 4713 1733 4770 rim
1744 4718 1775 4771 ot
1789 4729 1833 4773 ca·

132 4804 442 4878 ratinnnm.Poragnnt
451 4802 580 4871 litanias,
596 4808 625 4859 ei
639 4802 821 4859 Christianos
848 4803 878 4859 in
899 4805 954 4861 cir·
1009 4803 1101 4862 Inrem
1115 4803 1193 4876 ignis
1208 4801 1293 4860 exciti
1309 4804 1384 4859 terre
1399 4820 1458 4860 nnn
1469 4807 1639 4875 potuerunt.
1652 4801 1762 4861 Eodem
1773 4820 1832 4861 mo·

131 4897 212 4954 cuitu
229 4894 379 4952 deducunt
394 4891 525 4950 choreas.
539 4892 688 4949 teretrum
713 4889 786 4948 illud
802 4893 954 4952 sanciisst·
1010 4899 1107 4953 mentn
1118 4897 1224 4952 ventus
1234 4892 1284 4950 ille
1299 4893 1439 4967 desipuit,
1455 4898 1485 4951 et
1497 4898 1602 4951 ventus
1631 4893 1657 4951 ei
1667 4894 1831 4952 contrarius

131 5003 225 5054 mum,
236 4985 333 5042 nobile
346 4983 417 5041 illud
430 4981 677 5057 propitiatorium,
693 4983 772 5056 quod
784 4982 953 5053 vehebatur,
1008 4982 1233 5056 suillarecoepit,
1250 4982 1291 5039 ita
1305 4987 1334 5040 et
1348 4981 1426 5057 ignis
1436 4981 1467 5039 in
1485 4982 1617 5057 seipsum
1643 4989 1776 5043 retortus
1790 5001 1832 5043 ex·

130 5076 296 5133 continebat
312 5074 424 5147 ;inquo
436 5077 502 5147 poat
514 5072 605 5130 Deum
619 5071 806 5144 singulariter
826 5074 953 5130 conilde·
1007 5073 1141 5132 tabuitet
1152 5071 1268 5130 deiecit.
1285 5071 1405 5131 Videres
1426 5072 1583 5145 cujusdam
1594 5071 1703 5131 domus
1719 5073 1831 5148 iignum

131 5166 213 5221 bant.
231 5164 303 5220 ldirs
319 5162 382 5220 res!
400 5170 512 5235 agmen
542 5160 694 5218 inimicum
722 5159 902 5231 hominihus,
924 5168 954 5221 et
1007 5160 1829 5236 aiterapartecombustum,aiteramanereillresum.dd

130 5255 203 5313 satis
213 5250 570 5320 inimicummulotesilti,
586 5267 619 5308 ac
632 5250 656 5306 si
668 5247 817 5306 Valentini
837 5251 952 5309 sensis·
1006 5251 1231 5326 tempranentia
1258 5250 1392 5309 miraculi
1415 5252 1604 5323 prehendam
1624 5251 1831 5310 testimoninm

129 5351 196 5404 sent
210 5344 452 5418 increpationem,
468 5346 585 5400 extunc
601 5341 754 5397 indemnes
776 5341 952 5415 conglobati,
1005 5343 1172 5417 gaudebant
1185 5358 1301 5410 omnes,
1316 5342 1384 5416 quis
1405 5343 1484 5400 enim
1509 5343 1578 5400 inde
1602 5360 1660 5401 nnn
1671 5343 1833 5416 moderetl

128 5435 164 5490 ad
180 5435 323 5507 Sequano
336 5433 457 5489 durium
472 5431 679 5504 properabant,
692 5428 737 5486 ael
755 5427 892 5500 ultronei,
906 5430 952 5488 ael
1006 5432 1142 5491 Deumet
1155 5436 1188 5489 B.
1217 5429 1405 5489 Valentinum
1431 5432 1490 5489 alta
1509 5448 1581 5491 uoce
1604 5430 1832 5491 collaudantesl

126 5519 273 5579 Valentini
285 5524 373 5594 ‚iussu
387 5521 490 5587 coacti,
501 5519 616 5578 atreum
636 5518 769 5577 fluminis
793 5519 952 5577 inextrlna·
1006 5524 1121 5590 Quanto
1132 5520 1211 5578 enim
1219 5526 1281 5578 erat
1291 5530 1401 5595 martyr
1411 5520 1461 5578 illa
1472 5521 1502 5578 in
1515 5520 1834 5596 miraculiaoopinaioa

128 5608 218 5668 bilem
239 5611 489 5683 ingrediebantur,
517 5616 545 5666 st
574 5611 791 5685 mergebantur,
805 5612 835 5665 ei
862 5610 952 5668 emtis
1006 5615 1088 5670 mato
1102 5614 1165 5669 crat
1178 5610 1222 5669 eis
1233 5609 1410 5687 populisque
1422 5609 1557 5669 tiniiimia
1571 5609 1738 5685 gloriosior.
