3788 6000
56 219 118 283 ⁸8¹1
295 160 298 164 ·
558 214 743 281 HISTORIA
766 212 1035 280 uiuaosouttt.
1057 246 1097 263 -
1119 214 1192 279 ΗΒ.
1214 214 1253 280 V.
1703 223 1770 293 8³0<

58 349 141 407 misit
161 350 198 407 ad
227 349 462 407 subveniendum
486 350 624 409 desolatis
649 357 678 409 et
699 349 883 425 cougregatis
898 353 923 418 Α
939 349 1097 418 duxerunt,
1112 366 1146 409 ee
1161 351 1238 424 quod
1252 355 1312 409 tam
1333 353 1421 411 vieini
1446 367 1545 414 essent
1569 358 1633 417 leae
1657 366 1763 419 seuete

54 443 163 498 Christi
176 440 360 512 tidelihus,in
372 442 550 499 Bethlehem.
572 443 625 509 oni
632 444 717 515 juxta
727 443 884 514 imperium
937 440 1108 498 desiderata
1124 443 1217 503 urbis,
1234 459 1286 514 pre
1301 460 1359 517 que
1375 449 1417 500 tot
1431 445 1555 511 labores,
1567 454 1609 504 tot
1620 450 1760 521 pericula,

57 531 213 588 Christiani
230 531 314 588 deuia
329 534 412 603 equis
428 532 597 600 insidentes,
614 548 681 588 oum
699 532 886 588 testinatione
938 535 980 586 tot
995 531 1097 587 mortis
1113 547 1220 603 genera
1237 534 1365 604 perpessi
1382 540 1460 591 aunt.
1490 536 1553 593 Mer
1579 555 1629 608 pro
1653 541 1762 595 auditae

57 639 111 680 sax
122 620 297 677 milliaribus
310 638 358 692 per
367 627 456 677 totam
467 628 581 678 oootem
591 621 778 692 superationi
791 620 886 692 primo
938 620 1019 676 urbis
1034 621 1177 677 desiderio
1192 629 1329 678 atemere
1341 624 1455 681 videndi
1467 637 1598 682 saneiarn
1610 627 1760 686 ciuitatem

56 711 195 768 dieiortu
218 710 248 766 io
279 709 444 766 Bethlehem
474 717 677 783 pervenerunt.
708 711 790 767 cirea
817 724 885 765 vero
938 707 1760 788 oblitilahoremsuamquefatigationem,ampliuequam

57 799 230 867 Christiani,
245 800 363 872 eogeito
389 816 489 856 eorum
504 805 642 868 sitiente,
654 816 719 856 curu
732 799 848 872 hymnis
859 801 888 853 ot
939 796 1071 854 solebant
1087 799 1140 854 iter
1157 803 1315 857 maturant.
1332 801 1389 858 Neo
1406 820 1486 859 mora
1511 804 1569 860 ulla
1593 807 1764 863 intermissa

56 888 198 947 laudibus
213 892 242 944 et
262 888 431 959 aspersione
456 889 629 946 sanctificati
659 889 748 945 lentis
772 890 886 944 obviem
939 893 993 955 est,
1009 905 1162 960 quousque
1177 897 1244 946 ente
1262 907 1360 946 mures
1383 891 1544 949 Jerusalem
1571 895 1601 952 in
1625 896 1764 953 leudibus

59 975 888 1052 precedentes,lretantareosdenrequiteeChriatianorum
939 977 1764 1057 hymnorumqueveeileratienepreegandreleorymantes

52 1073 263 1140 suseaperunt,
279 1066 379 1123 oculos
395 1072 423 1124 et
442 1085 547 1123 manus
562 1084 663 1125 aerum
684 1068 887 1125 deosculantes
939 1065 1090 1139 sexaginte
1114 1066 1230 1126 eireiter
1242 1068 1329 1126 millia
1357 1072 1510 1145 utriusque
1529 1089 1613 1130 sexus
1626 1073 1765 1131 eonstite-

58 1164 89 1215 et
116 1159 178 1215 haee
206 1156 244 1214 ad
272 1156 340 1214 illos
367 1159 542 1215 relerentes:
560 1184 573 1210 n
588 1164 643 1215 tiae
667 1156 793 1233 gratiosi
818 1156 889 1229 qula
941 1162 1020 1212 runt.

59 1247 246 1321 temporibus
262 1245 370 1304 nestris
385 1264 464 1304 nune
487 1264 521 1304 ea
546 1248 692 1317 videmus,
717 1264 780 1320 qua
804 1245 887 1302 nobis
940 1267 1006 1320 ω,
1027 1263 1123 1321 ggpy
1136 1295 1171 1307 ,.
1185 1267 1315 1336 omn„
1327 1275 1353 1324 ,p
1367 1285 1384 1323 a
1397 1269 1497 1341 quum,
1510 1269 1683 1343 principibu,
1694 1267 1766 1327 civi,

56 1353 175 1407 semper
190 1340 274 1393 erant
288 1336 318 1393 in
332 1336 479 1392 desiderio
492 1352 498 1391 :
517 1336 648 1394 vilelicet
669 1354 721 1393 vos
745 1335 887 1392 Christia-
1239 1347 1284 1395 tes
1299 1342 1404 1396 ahusen
1418 1343 1464 1397 ost.

58 1424 888 1500 ⁰⁰⁸⁰⁰¹¹f¹⁸¹f0⁸⁸d⁸¹⁰⁰⁸⁸5⁰⁰0mj⁰85⁸⁶¹¹Vifflli³¹¹⁰⁸lsae
977 1443 1027 1499 His
1043 1443 1143 1515 itaque
1159 1445 1188 1500 in
1213 1445 1282 1503 locis
1305 1448 1558 1504 Christianiesinro
1582 1449 1709 1505 exereitu
1736 1448 1767 1503 iu

59 1518 183 1585 &demi
200 1520 229 1573 el
241 1517 277 1573 &d
287 1515 351 1575 ¹⁰0⁸
362 1516 633 1575 flflssssltlffl'ufflffl
647 1517 888 1585 3¹1⁸¹t¹¹¹i⁸¹1s¹tbsst
942 1534 1028 1589 variis
1045 1533 1171 1605 signiset
1185 1535 1276 1591 armis
1291 1536 1500 1610 coitetoporte
1511 1537 1594 1594 urbis
1604 1538 1767 1594 snrilitibus

55 1607 93 1665 Εὖ
108 1605 282 1664 ⁸⁰¹2f0⁰d⁰⁸
298 1607 451 1681 &nimum
467 1608 542 1664 silus
553 1623 713 1681 0⁰f¹³mtll¹0
724 1603 888 1663 immundi·
941 1622 1018 1695 regis
1030 1623 1193 1694 Babylonia
1207 1623 1312 1681 elaeae
1324 1631 1394 1681 suut
1404 1643 1412 1694 ;
1424 1628 1515 1682 turris
1527 1627 1614 1683 David
1627 1626 1766 1684 satellitio

55 1698 146 1754 tissa
161 1697 225 1754 loco
244 1703 357 1755 sentio·
372 1719 387 1750 ι
901 1725 925 1791 Β
941 1719 1055 1769 armato
1070 1713 1196 1781 munita,
1208 1723 1236 1770 et
1246 1717 1371 1771 universi
1384 1715 1693 1773 eisaeinmoenibosad
1703 1733 1767 1787 pre·

57 1824 125 1880 gn·
143 1824 221 1881 yyy·
232 1855 265 1867 ,
278 1825 403 1894 Μαίη
412 1827 552 1881 mmm
569 1827 754 1882 mmmm,
775 1827 885 1882 mm,
943 1800 1100 1858 bibeudum
1116 1807 1145 1859 et
1160 1804 1357 1859 resistendum
1375 1804 1481 1876 popule
1500 1805 1645 1862 eathetloe
1665 1804 1766 1863 diffusi

92 1897 147 1953 tam
159 1909 299 1965 commin
316 1897 483 1967 tepotseueo
498 1899 666 1965 Bethlehem,
689 1907 716 1954 et
738 1903 773 1954 de
794 1897 888 1967 predo
942 1898 1022 1945 sunt.
1032 1890 1160 1963 Ruperat
1169 1891 1473 1966 animrastbytnnie
1485 1893 1578 1950 indus
1588 1895 1664 1967 quod
1677 1893 1766 1966 legati

91 1967 252 2037 “fislltmii
265 1968 344 2052 erte
360 1968 492 2050 obstacle,
512 1973 536 2025 εἰ
564 1971 684 2052 dualiter
706 1973 770 2053 ⁰²11}
793 1983 888 2025 mum
941 1980 1006 2050 ejus
1019 1980 1201 2037 Antioohiae]
1219 1981 1300 2037 missi
1316 1998 1382 2037 eum
1398 1983 1571 2040 Christianis
1583 1984 1765 2056 principibus

90 2039 244 2097 'mmm'
259 2055 290 2095 Μ
305 2040 436 2096 mm*
452 2046 479 2095 θ’
495 2040 607 2113 hym
621 2045 806 2098 ⁶⁰²¹⁸⁸²¹⁶r²m·
943 2067 1123 2142 pepigerant,
1139 2069 1212 2125 nihil
1222 2086 1317 2127 eausa
1328 2072 1528 2130 adversueaes
1542 2076 1654 2130 habene
1664 2080 1768 2146 prater

95 2162 180 2221 ilias
196 2164 302 2221 eastris
317 2165 461 2236 premissi
481 2165 595 2238 equites
621 2167 833 2237 proeeseorant,
858 2164 889 2219 et
943 2176 1032 2232 quam
1048 2160 1126 2232 qued
1142 2159 1332 2232 tteymundus
1346 2177 1446 2220 eomas
1456 2162 1607 2221 'l'ertosam
1618 2165 1766 2221 eisitatam

57 2256 211 2311 asaelem
219 2251 258 2310 sd
268 2269 355 2309 aeres
366 2254 522 2325 primorem
534 2254 719 2325 universique
726 2253 888 2309 exaereitus
944 2248 1149 2321 apprehendit,
1164 2254 1192 2306 et
1204 2251 1372 2321 presidium
1385 2250 1497 2309 arabas
1506 2253 1644 2325 plurimis
1662 2253 1768 2310 diebus

63 2348 110 2401 ast
125 2342 247 2417 perlata,
263 2341 440 2413 legationem
456 2342 807 2399 doeiatiethlehamessa
821 2340 889 2398 alla·
943 2337 1067 2395 obsedit.
1090 2338 1247 2395 Christiani
1270 2355 1336 2396 vero
1359 2341 1493 2397 videntes
1516 2343 1596 2414 regis
1620 2341 1769 2414 mititiam,

64 2440 137 2491 um.
152 2432 216 2498 Qua
231 2432 266 2487 da
280 2448 369 2489 eausa
383 2433 431 2489 vix
446 2434 575 2490 medium
588 2434 683 2490 noctis
694 2431 846 2503 prooessit,
862 2434 892 2486 et
945 2429 1027 2485 urbis
1061 2427 1267 2494 munitionem,
1305 2430 1459 2501 gentilium
1495 2430 1768 2501 eorrtredieiionem,

65 2523 204 2580 continue
216 2538 319 2579 omnes
330 2521 429 2594 pusilli
440 2528 470 2579 et
480 2522 580 2596 magni
591 2521 890 2588 eastrasustuleruot;
947 2534 1046 2573 muros
1054 2517 1216 2573 ineireuilu
1225 2517 1768 2594 leeetaebaidionavallant,dueamqua

69 2629 121 2687 par
143 2612 297 2687 augustias
325 2612 439 2668 viarum
468 2621 622 2684 eretusque
651 2613 748 2668 lauces
770 2609 891 2668 sollium
945 2607 1307 2678 Godelrrdum,quiaarst
1323 2610 1573 2680 potenseonsilris
1592 2616 1621 2667 et
1642 2610 1766 2680 uiribus,

63 2709 175 2759 aretam
204 2700 279 2757 viem
301 2700 483 2757 insistentes.
511 2699 624 2757 abinde
652 2701 754 2773 praeire
781 2704 811 2755 et
839 2698 894 2753 iter
946 2712 1014 2753 enm
1030 2696 1197 2752 Teutouieie
1213 2696 1289 2753 belle
1304 2697 1504 2764 serenissimis,
1519 2700 1548 2755 in
1565 2699 1654 2756 latera
1675 2700 1768 2758 turris

65 2795 217 2847 maturare
231 2789 341 2863 quique
357 2791 508 2847 fervebant
523 2790 648 2863 equitas,
674 2805 721 2857 ua,
746 2790 776 2845 in
804 2786 893 2843 arctis
948 2785 1049 2852 David,
1065 2787 1115 2842 uhi
1133 2789 1227 2857 major
1241 2788 1285 2844 vis
1296 2788 1474 2846 detensionis
1485 2792 1677 2857 redundabat,
1689 2791 1773 2849 ordi·-

64 2880 238 2939 samiterom
245 2877 379 2935 leueibue
388 2877 579 2935 multitudine
585 2878 714 2949 peditum
722 2877 892 2941 inundante,
947 2880 1225 2944 nannetensem
1242 2892 1275 2934 eo
1290 2876 1478 2934 Taobradum
1494 2881 1641 2951 eenritern,
1651 2886 1680 2937 at
1696 2881 1772 2955 Ray·

66 2966 895 3042 magoumfleretaquitibuaimpedimeoiun.itaturabant
948 2965 1088 3021 muudum
1104 2981 1171 3022 eum
1188 2965 1303 3022 duobus
1314 2966 1558 3039 episeopieitslns
1570 2969 1768 3039 antejanuam

63 3057 208 3132 siquidem
223 3057 322 3131 magni
337 3063 366 3112 ot
381 3057 462 3129 parvi
477 3057 531 3112 iter
543 3056 598 3112 suh
614 3056 674 3128 pari
687 3055 847 3112 inustione
861 3054 890 3110 in
947 3054 1076 3123 ejusdem
1092 3053 1184 3110 turris
1199 3070 1266 3112 oum
1282 3071 1336 3112 sue
1351 3057 1490 3113 conritatu
1507 3056 1608 3114 sedere
1633 3061 1769 3115 deereve-

62 3145 240 3205 Jarosalem.
255 3146 326 3203 Cum
343 3147 450 3217 quihus
462 3144 605 3216 premissi
618 3145 738 3210 milites,
749 3162 764 3198 a
775 3143 890 3200 bethle·
948 3148 1026 3198 rent.
1042 3142 1305 3200 tiaindeilobertue
1315 3144 1547 3212 flandrensiaet
1557 3145 1640 3219 Hugo
1650 3145 1770 3220 grands

62 3238 128 3293 bam
138 3239 329 3301 moerentes,
340 3236 370 3291 in
382 3235 428 3290 via
439 3236 575 3292 assoeiati
586 3240 670 3303 sunt,
680 3249 747 3290 eum
760 3233 892 3305 primum
946 3248 999 3288 vus
1014 3232 1050 3288 de
1065 3238 1094 3289 S.
1110 3233 1201 3289 Paulo
1216 3249 1284 3290 eum
1298 3233 1362 3290 suis
1377 3234 1528 3292 sodalibus
1543 3233 1581 3291 nd
1591 3236 1771 3293 obsidendes

59 3325 131 3383 selis
145 3323 244 3382 celera
259 3324 396 3381 matutini
411 3340 492 3380 rores
505 3325 534 3380 in
545 3325 680 3396 gramine
695 3319 894 3380 solentexsio·
948 3338 1048 3377 muros
1063 3321 1188 3378 eivitatis
1203 3322 1234 3378 in
1249 3322 1352 3381 deelisi
1365 3328 1446 3394 parta
1468 3340 1639 3397 eamperom
1668 3325 1771 3381 aedera

65 3415 137 3473 sari.
152 3414 263 3472 Gestae
277 3414 314 3470 de
329 3413 446 3470 civitate
461 3412 581 3470 Berdeiz
597 3428 664 3471 eum
681 3411 892 3485 trigintaviris,
948 3409 1128 3482 delegerunt.
1138 3410 1356 3469 Robartuasare
1363 3412 1626 3471 Nortbmaouorum
1635 3413 1771 3486 princeps

63 3504 164 3577 gnaris
176 3503 348 3560 certaminis
358 3509 387 3558 et
398 3502 584 3568 insidiarum,
594 3502 668 3558 elam
679 3503 846 3558 subtractus
857 3498 894 3555 ab
947 3503 976 3556 et
988 3516 1086 3556 eomes
1095 3500 1357 3574 Britannua,juxta
1369 3520 1479 3572 inuras,
1490 3507 1540 3562 obi
1553 3509 1768 3564 estoraterium

61 3591 218 3662 exsamito,
234 3589 310 3647 aieot
323 3593 386 3647 erat
401 3590 552 3661 providus,
568 3589 664 3647 eniens
687 3589 763 3645 uires
787 3602 894 3661 appro·
948 3589 1170 3660 protomartyris
1184 3589 1335 3662 Stephani,
1349 3591 1379 3646 in
1395 3592 1497 3649 ordina
1512 3596 1657 3651 sociorum
1670 3595 1770 3652 taber·

62 3681 264 3753 pinquentum
279 3679 503 3751 peregrinorum
528 3678 624 3736 adhue
648 3678 738 3735 latare
764 3678 842 3735 eiras
865 3678 896 3733 et
949 3676 1053 3734 neeule
1071 3678 1275 3735 extenderunt.
1290 3680 1394 3736 Comes
1408 3681 1587 3740 Raiuboldus
1602 3685 1638 3741 de
1654 3685 1772 3742 aiviteta

67 3767 178 3825 militas
190 3766 367 3837 Jerusalem,
384 3784 435 3840 par
447 3768 575 3825 eenllnia
585 3765 717 3841 ejusdem
734 3766 815 3823 urbis
825 3781 893 3822 eum
948 3766 1077 3839 oringis,
1097 3766 1262 3824 bedawieus
1286 3767 1322 3826 de
1345 3769 1484 3839 Messon,
1509 3774 1590 3831 Cone
1614 3775 1650 3829 da
1674 3774 1773 3832 Monta

63 3857 127 3915 suis
143 3857 226 3914 irena
251 3855 342 3921 laxat,
358 3857 472 3929 prades
487 3854 619 3927 undique
633 3855 781 3912 eontrahit
799 3859 829 3910 et
842 3854 895 3911 ab·
949 3862 1046 3927 aeuto,
1058 3855 1581 3928 illiusqueeluaLambertus,Gastus
1592 3863 1628 3918 da
1639 3863 1771 3936 Boudeia,
1870 3900 1876 3913 ·

64 3945 231 4003 dosiasm
253 3950 404 4017 eemperta
427 3944 507 4002 illius
531 3942 665 4012 audacia,
689 3963 706 4000 a
729 3944 842 4001 uiribus
866 3946 896 3998 et
948 3946 1119 4003 (iarbardos
1147 3948 1183 4004 da
1212 3947 1364 4017 lteseelon,
1394 3949 1584 4008 Butdswiuus
1613 3953 1648 4008 da
1684 3953 1770 4026 burg,

64 4032 237 4091 Sarraeenie
253 4031 399 4089 militibus
414 4034 511 4104 prada
531 4048 656 4089 excussa
677 4036 745 4088 ast:
771 4031 894 4087 Gustum
949 4037 1078 4095 Thomas
1091 4037 1128 4093 da
1142 4036 1225 4094 Faria
1238 4043 1335 4095 eastre
1351 4040 1480 4111 undique
1494 4056 1522 4096 ιιι
1538 4042 1662 4099 oirouitu
1687 4044 1773 4101 orbis

65 4141 135 4182 aare
161 4123 317 4195 seoiesqua
344 4122 408 4194 ejus
433 4139 524 4192 usque
553 4137 708 4179 ascensum
735 4121 817 4193 rupis
843 4135 895 4175 eu·
949 4127 1155 4184 consederunt.
1172 4126 1362 4200 boymundus
1381 4144 1561 4188 veroaomes
1585 4131 1687 4190 videns
1702 4131 1774 4207 quia

60 4216 185 4286 jusdam
202 4211 329 4269 ioseeuti
345 4215 424 4267 eunt.
441 4211 486 4267 ab
501 4212 602 4268 eadem
616 4215 713 4268 autem
731 4224 804 4282 rupa
818 4213 895 4267 'l'au-
950 4217 1022 4274 alias
1050 4222 1147 4290 posset
1175 4216 1327 4290 prolloars,
1355 4224 1453 4277 eastra
1481 4237 1537 4278 aua
1560 4223 1597 4279 ab
1620 4224 1776 4283 obsidione

64 4302 158 4362 hoedo
173 4300 362 4359 descendenti
375 4301 550 4369 exadverse,
561 4301 611 4373 qui
623 4301 725 4373 etipse
735 4298 895 4355 exercitum
951 4310 1100 4378 portarum
1116 4307 1206 4362 turris
1222 4304 1312 4362 lievid
1327 4309 1457 4379 sustulit,
1470 4309 1580 4369 salietis
1593 4313 1774 4385 quibusdam

70 4390 232 4467 prooessit,
248 4406 338 4446 eausa
352 4391 498 4462 querendi
516 4388 778 4458 necessaria,idam
789 4387 896 4446 Gustus
952 4393 1041 4452 sooils
1056 4395 1092 4451 ad
1109 4395 1275 4451 custodiam
1292 4406 1443 4468 portarum
1473 4404 1503 4457 et
1526 4417 1617 4471 super
1641 4411 1774 4461 montem

78 4480 195 4538 obviam
206 4479 302 4536 tuclus
312 4484 364 4535 etl·
375 4479 428 4543 Qui
440 4478 667 4536 sarracenorum
681 4479 717 4535 eb
729 4480 900 4550 erbeagres·
916 4470 939 4535 D
955 4484 1023 4540 sien
1039 4483 1104 4540 daie
1119 4483 1264 4553 tentoriis,
1281 4486 1382 4543 urbem
1399 4488 1532 4547 obsidere
1549 4492 1697 4562 protentus
1717 4496 1779 4549 aste

69 4572 186 4628 aionem
200 4575 230 4625 et
244 4569 349 4641 prodoe
364 4583 424 4623 ww
439 4569 639 4626 excussionem
651 4567 850 4634 manifestant,
862 4567 900 4623 tid
954 4573 1012 4631 Hae
1023 4574 1157 4648 itaquein
1168 4575 1292 4632 eirouitu
1303 4577 1456 4636 obsidione
1465 4579 1559 4637 locata
1570 4599 1587 4638 a
1598 4581 1775 4654 primoribus

64 4656 375 4716 iosaeteudeseesdem
386 4655 897 4727 bestesipsiusTrenleradianimum
952 4661 1113 4734 Gallorum,
1128 4661 1346 4738 exploratisque
1360 4667 1441 4734 loeis,
1451 4684 1488 4725 ne
1503 4671 1572 4741 quid
1584 4687 1708 4727 vaenum
1724 4674 1776 4727 eut

67 4741 896 4804 vehementeraeoandit.Undaamboadniistissooiorum
952 4758 1151 4825 opportunum
1170 4759 1280 4824 poteret
1304 4754 1431 4824 inpolito,
1455 4758 1491 4813 od
1514 4765 1644 4815 montom
1669 4758 1776 4816 olivou

65 4838 171 4910 eepiis,
187 4834 339 4892 lertitsrin
350 4840 431 4906 terga
442 4832 675 4889 erlversariorum
687 4833 897 4906 equeelaxout,
951 4851 1068 4900 eonium
1085 4847 1141 4909 ool,
1157 4844 1206 4900 ubi
1221 4845 1310 4901 otiam
1326 4847 1454 4903 virorum
1475 4848 1594 4905 {Morum
1610 4849 1775 4906 modim

68 4927 215 5001 usquead
230 4931 342 5000 portem
371 4926 452 4982 urbis
474 4925 638 4982 Jerusalem
667 4940 716 4983 eos
736 4925 767 4981 iu
794 4927 895 4998 susam
951 4938 1124 5004 pesuerunt,
1141 4933 1299 5005 neaiiquis
1316 4934 1569 4994 assultuaebheo
1589 4943 1671 5010 perta
1695 4940 1778 4995 tieret

69 5020 276 5083 remittentaa;
294 5014 422 5087 praedem
452 5030 519 5071 vero
543 5015 703 5072 retinentes
726 5015 762 5071 ad
790 5016 897 5072 subse·
949 5021 1778 5100 eximprovieio,etgentiliuminsidisrperJ'ugadeseeo·

66 5114 207 5179 quantem
236 5104 471 5160 Christianorum
496 5104 656 5161 exereitum
683 5106 893 5178 perduxerunt.
950 5112 1779 5187 dentiuanbristiuneaincautosdeoiperent.Vultisvere

66 5197 146 5253 visis
160 5200 260 5252 autem
276 5191 441 5265 proderem
454 5196 593 5268 gregibus
609 5211 643 5252 ae
658 5196 783 5251 reversis
795 5195 895 5252 iratri-
948 5206 1101 5270 iosaphat,
1115 5216 1302 5273 superquam
1315 5207 1378 5256 eret
1391 5203 1501 5259 urbest
1513 5206 1778 5273 episimmtnabent

62 5289 129 5356 boa,
151 5288 307 5360 requirunt
321 5286 449 5342 universi
461 5291 538 5344 unde
554 5289 608 5344 has
620 5290 783 5359 praedarum
794 5291 894 5359 sepias
948 5291 1085 5356 aedrsseia,
1102 5292 1245 5345 remansit
1256 5290 1412 5348 inobsessa
1421 5299 1539 5364 prepter
1550 5294 1681 5353 loeerurn
1695 5294 1776 5352 dilli-

60 5377 250 5435 ebdoxeriot.
268 5374 376 5432 ltlieea
397 5391 529 5449 scampe
543 5376 708 5434 Jerusalem
725 5377 895 5449 rapuissaat
947 5377 1087 5436 cultatem
1103 5382 1133 5434 et
1147 5378 1267 5435 vallium
1290 5380 1531 5452 profunditatem.
1562 5384 1651 5441 braut
1676 5391 1776 5444 umen

63 5467 225 5525 abduxisse
239 5462 365 5537 prelassl
380 5469 458 5521 suut.
473 5465 636 5523 Jerusalem
658 5483 724 5525 varo
748 5465 894 5525 nemioerl
949 5468 1020 5526 illie.
1037 5473 1122 5525 noete
1144 5474 1175 5525 at
1201 5469 1259 5536 dia,
1286 5469 1415 5526 assidua
1442 5473 1550 5549 vigilia
1578 5480 1609 5535 ot
1636 5476 1781 5537 ennodio·

63 5555 232 5626 udmtaa,
242 5568 346 5613 emesa
353 5569 414 5631 prs
424 5552 526 5615 latitia
534 5556 566 5615 iu
576 5555 678 5619 miuus
695 5556 893 5632 moneam
948 5557 1194 5620 wrbdaoorom.
