3788 6000
146 190 224 259 tuns
644 197 676 274 s.
699 191 933 261 ssseuauus
954 197 1083 261 assus
1106 198 1277 261 usnsao.
1294 200 1365 292 ur„
1780 214 1862 277 susc

144 326 344 400 supervenerit
359 330 388 383 et
403 327 442 383 ibi
454 326 556 384 obierit
574 343 580 384 :
596 332 712 386 tantum
728 347 779 401 pro
799 345 832 387 eo
853 334 965 403 agatur,
981 332 1009 401 Α
1058 331 1154 387 Primo
1168 331 1285 404 Aueusti
1294 331 1363 390 obiit
1385 334 1415 392 in
1433 337 1602 395 monesterie
1624 340 1659 396 ii.
1686 340 1807 402 donnus
1820 347 1859 405 it.

145 415 217 471 acsi
235 415 435 473 iiliusdomus
455 415 604 489 protessus
633 418 746 487 luisset,
774 418 967 476 nihilominus
1020 422 1104 479 deii.
1121 422 1555 497 sucerdoeeteucrietcejucdem
1574 434 1779 490 monosterii:
1805 453 1858 509 pru

143 509 240 560 temen
257 521 306 575 prc
322 521 354 561 ec
374 506 404 561 iu
422 507 538 580 proprio
554 507 639 564 domo
656 513 770 581 agutur.
1021 511 1100 579 cuius
1115 513 1223 582 enimc,
1238 516 1342 568 venires
1352 520 1692 585 precemurorutionesse
1703 522 1855 595 enaritate,

178 596 317 666 Tempore
331 595 530 653 cisterciensis
546 597 665 670 capituli
683 599 815 670 sequenti
831 598 877 655 dis
901 605 967 671 pcst
1019 602 1046 655 et
1059 600 1200 657 orabimus
1214 617 1263 672 pre
1277 604 1384 660 vestris.
1402 602 1535 662 litsicds
1547 607 1711 682 similibus,
1728 616 1855 674 mutatis

32 742 36 749 ,
143 684 573 756 lixaitaticnemsanetecrucis,
585 694 820 758 postsermcnem
832 688 966 745 hobitum
1019 689 1170 746 mutandis
1186 689 1253 760 ;dis
1268 690 1391 761 scilicet,
1403 692 1476 765 icco,
1488 696 1616 771 nomino,
1630 700 1739 758 ordino
1749 705 1854 763 otoi'il·

143 773 172 828 in
183 774 321 845 capitulo,
333 790 398 831 cum
410 774 562 831 ductione
573 776 720 834 stantibus
731 779 880 847 omnibus,
891 777 967 834 abeo
1018 778 1073 845 cio,
1090 784 1177 851 prout
1192 780 1351 854 continget.

142 863 192 936 qui
203 863 364 937 capitulum
378 869 464 933 tenet,
475 866 665 923 absolventur
676 868 804 924 deiuncti
816 868 917 934 nostri,
926 868 966 925 ita
1345 871 1462 930 CAPUT
1481 874 1512 933 G.

141 952 264 1023 dicente,
280 955 386 1011 Animae
398 957 521 1025 fratrum
546 965 572 1013 et
594 958 784 1029 familiarium
810 966 966 1016 rrcstrorum
1255 961 1294 1016 De
1307 964 1471 1033 perentibus
1487 966 1601 1025 nostris.

138 1042 275 1100 decenne
296 1044 489 1114 defunctorum
515 1045 691 1120 requiescunt
713 1049 744 1104 in
766 1063 843 1119 poce.
866 1053 894 1104 et
918 1063 963 1104 re·
1053 1048 1292 1119 varssenaere,
1308 1051 1421 1123 iratres,
1441 1068 1554 1110 sorores
1578 1060 1607 1113 ei
1632 1062 1848 1133 consanguinei

137 1134 316 1205 spondentes
331 1151 432 1190 omnes
447 1136 542 1204 Amen,
560 1137 658 1193 dicant
682 1142 722 1194 De
749 1137 919 1210 profundis:
936 1141 964 1193 et
1017 1137 1144 1194 defuncti
1163 1138 1283 1195 iratrum
1300 1140 1411 1198 ordinis
1426 1144 1532 1211 nostri,
1549 1145 1579 1202 in
1593 1147 1788 1208 cisterciensi
1803 1170 1849 1210 ca·

140 1228 206 1294 post
219 1222 367 1280 flectentes
383 1240 489 1295 genua,
505 1225 591 1280 etiam
607 1225 767 1282 Dominicis
786 1226 901 1293 diebus,
918 1227 961 1283 di·
1018 1225 1108 1296 pitulo
1119 1227 1147 1283 in
1164 1233 1307 1285 conventu
1323 1229 1460 1286 abbatum
1471 1239 1600 1291 extremo
1615 1237 1847 1300 disseminatim

141 1319 208 1371 cani
227 1315 308 1368 Peter
321 1317 422 1381 notter,
440 1318 468 1369 et
483 1313 533 1386 qui
546 1315 693 1385 presidet,
706 1316 803 1372 dicet:
819 1317 851 1372 Et
865 1332 963 1373 nenos
1015 1313 1126 1371 absolvi
1141 1316 1256 1372 debent.
1278 1316 1417 1375 Similiter
1444 1320 1493 1376 det
1506 1320 1537 1377 iu
1559 1324 1699 1383 omnibus
1721 1329 1846 1389 abbatiis

141 1404 306 1458 innuentia
327 1406 530 1460 tentationem:
560 1406 576 1459 t
596 1415 677 1477 porto
698 1406 808 1478 inseri:
833 1408 963 1463 Dominus
1014 1404 1125 1462 ordinis
1136 1406 1228 1462 uestri
1241 1407 1465 1480 decimoquinto
1476 1409 1619 1469 Kalendas
1629 1414 1771 1475 Octobris
1782 1426 1846 1492 pest

139 1492 294 1547 uobiscum:
324 1492 447 1560 Oremus,
464 1493 537 1549 Deus
564 1495 654 1552 eenioe
678 1495 821 1566 icrqiieer,
838 1502 905 1561 etc,
931 1496 961 1553 in
1014 1493 1174 1552 solemnem
1184 1495 1367 1553 absolutione
1388 1499 1508 1555 fratrum
1527 1506 1709 1575 nostrorum,
1732 1512 1762 1564 ei
1784 1511 1843 1581 pri·

138 1584 196 1640 tine
212 1593 279 1657 post
300 1587 432 1642 Dominus
454 1585 603 1656 uobiscum,
629 1585 808 1658 itaquieecunt
830 1587 860 1642 in
885 1602 960 1658 poce,
1014 1584 1743 1666 madiequequisqceabbasuGistorciorediens,
1756 1615 1844 1657 suum

137 1676 237 1731 Amen.
256 1677 361 1733 iicdem
379 1678 465 1732 modo
478 1676 527 1732 ilat
547 1675 691 1733 absolutio
720 1679 834 1733 decimo
859 1677 961 1749 quinio
976 1704 999 1770 B
1016 1675 1351 1749 ingrediturcapitulum
1364 1679 1531 1749 :inquibus
1544 1688 1638 1739 tamen
1652 1685 1846 1747 absolutioni·

137 1768 275 1826 Kslendis
293 1769 425 1826 Octobris
441 1771 471 1826 iu
502 1787 678 1844 unaqueque
702 1771 821 1827 abbatia
848 1770 960 1827 ordinis
1017 1767 1072 1822 bus
1088 1764 1200 1821 diculus
1216 1770 1328 1821 lantum
1346 1767 1523 1840 Restituunt
1537 1772 1566 1827 in
1579 1788 1658 1843 pace.
1681 1777 1846 1852 Perticipes

136 1858 229 1916 nestri
243 1863 490 1917 commemorante
504 1865 632 1928 cantore,
646 1865 674 1915 et
688 1861 790 1917 ecdem
800 1860 892 1917 dicad
904 1859 960 1917 Vs·
1014 1873 1129 1930 quoque
1145 1857 1357 1913 dsntcmnium
1369 1875 1481 1929 eorum,
1491 1878 1555 1933 que
1567 1862 1596 1918 in
1608 1867 1741 1937 generali
1760 1870 1843 1942 capi-

136 1964 237 2021 speras
252 1949 411 2021 incipiatur
426 1948 556 2005 sciemus
567 1948 777 2014 Tricensrium,
800 1949 857 2004 nisi
887 1949 959 2004 iorte
1013 1946 1075 2002 iulo
1089 1947 1380 2003 sistunturiaciendn
1396 1965 1447 2021 pro
1459 1948 1607 2010 iratribus.
1626 1953 1681 2010 Pro
1698 1956 1744 2013 eis
1766 1976 1840 2033 quo·

136 2037 165 2094 ln
177 2040 305 2094 crastino
321 2039 381 2093 siles
393 2037 530 2110 precipui
538 2037 646 2109 jeiunii
661 2037 706 2093 vel
723 2037 873 2094 [lominica
897 2037 958 2094 dies
1013 2052 1070 2108 que
1081 2035 1168 2091 semei
1180 2035 1209 2091 in
1221 2053 1297 2092 anno
1306 2040 1684 2101 communiterducdecimc
1695 2045 1842 2106 liniendas

134 2127 303 2185 occurrerit.
321 2129 401 2195 Quod
417 2144 485 2184 cum
500 2129 666 2200 contigerit,
681 2127 824 2185 absolutio
840 2127 956 2200 quidem
1013 2123 1181 2182 Decembris
1195 2142 1245 2199 per
1258 2142 1361 2183 omnes
1376 2128 1508 2185 ubbaties
1525 2136 1640 2188 nostres
1656 2137 1838 2210 praecipuum

133 2235 190 2274 uon
207 2219 367 2286 diiieretur,
384 2219 434 2273 sed
446 2216 474 2272 in
487 2217 533 2273 die
549 2216 642 2273 saneti
658 2218 795 2286 iiuuricii,
812 2217 868 2274 nisi
884 2219 956 2274 ioris
1012 2214 1140 2271 cidcium
1166 2216 1215 2271 iiet
1240 2215 1417 2273 scieruniier.
1442 2220 1563 2284 Quando
1581 2237 1649 2279 sero
1676 2229 1840 2286 monachus

131 2312 159 2364 et
173 2309 267 2379 ipsum
284 2307 347 2363 dies
365 2307 511 2363 iiomiuicn
527 2309 609 2378 sequi
625 2306 768 2372 debuerit,
785 2308 821 2363 ad
852 2307 957 2379 Vespe·
1011 2304 1240 2361 misericerdiam
1256 2304 1359 2376 querit
1370 2323 1421 2378 pro
1432 2316 1524 2379 patre,
1536 2315 1639 2381 maire,
1655 2313 1748 2373 tratre
1758 2322 1789 2373 et
1798 2335 1839 2375 sc·

130 2414 179 2453 rus
189 2397 347 2469 incipietur
357 2395 704 2464 sciemne‘iricenarium,
717 2396 953 2468 etsequeusdies
1010 2410 1082 2460 rore,
1100 2396 1166 2464 quia
1182 2411 1234 2465 pro
1250 2394 1315 2451 aliis
1329 2398 1500 2467 parentibus
1512 2403 1605 2470 petere
1618 2419 1677 2458 non
1691 2402 1775 2472 licet,
1790 2410 1836 2464 ab·

131 2501 196 2558 quus
206 2493 274 2541 iuno
286 2486 380 2555 prima
390 2485 445 2539 erit
460 2484 632 2551 tricenarii,
652 2483 822 2539 solemniter
837 2486 951 2555 agetur.
1008 2483 1343 2552 solviturdui'unctus,ei
1354 2487 1560 2560 unusquisque
1572 2493 1713 2549 sacerdos
1726 2493 1833 2552 inmis-

131 2573 200 2628 Pest
211 2571 952 2643 absolutionemdetunctorumprosequeturquiee·
1007 2588 1040 2629 sa
1056 2572 1166 2643 privetu
1181 2572 1337 2629 Collectam
1367 2592 1417 2645 pro
1432 2592 1465 2632 ec
1481 2578 1557 2634 dicet
1574 2596 1581 2635 ι
1603 2580 1709 2654 reliqui
1733 2586 1831 2644 iratres

75 2664 86 2685 ⁵
129 2661 574 2736 pitulumtenet,etdicatquid
597 2661 725 2733 amplius
750 2678 801 2733 prc
822 2663 864 2718 eis
889 2662 952 2719 ileri
1007 2662 1684 2735 septemPeuimeepoenitentiuies,veitotidem
1704 2675 1830 2731 ditescere

128 2751 239 2820 debeat,
252 2757 280 2808 et
296 2752 349 2807 noe
363 2750 559 2807 sstdebiium.
577 2750 804 2821 Treepraeiendae
814 2751 892 2807 omni
905 2751 951 2808 die
1005 2752 1071 2820 mei,
1088 2751 1168 2822 Deus,
1185 2756 1235 2807 aut
1248 2753 1332 2808 Peter
1346 2765 1439 2810 nester
1454 2756 1587 2812 totidem.

126 2840 156 2898 lu
169 2857 344 2914 urnaquaque
356 2840 446 2896 uestri
458 2839 570 2897 ordinis
580 2841 698 2896 ebbaiiu
708 2857 714 2895 :
726 2840 761 2895 uh
773 2857 950 2913 unoquoque
1325 2842 1443 2899 CAPUT
1461 2844 1506 2901 ct.

126 2931 213 2988 etiam
227 2931 375 2987 sacerdote
385 2930 486 3001 uipinti
502 2931 592 2986 missae
607 2931 682 2985 inira
700 2947 830 2986 annum:
854 2947 871 2986 a
892 2946 949 2985 cee-
1093 2929 1229 2999 Quomodo
1240 2934 1479 2990 communicentur
1492 2937 1609 3008 tespites
1618 2937 1741 3010 infirmi.

126 3022 197 3078 teris
212 3023 471 3093 decemipeeiteriu:
495 3022 532 3077 ab
557 3022 592 3077 iis
616 3021 666 3094 qui
693 3020 866 3077 i‘saiterium
897 3037 948 3077 ne·
1038 3019 1159 3083 Oueudo
1174 3019 1326 3092 hospitalis
1339 3021 1442 3078 viderit
1455 3023 1602 3097 hospitem
1625 3029 1734 3088 debere
1748 3048 1826 3090 com·

120 3112 233 3175 sciunt.
251 3112 331 3168 mille
346 3111 513 3184 quingentis
529 3109 641 3166 vicibus
656 3109 855 3177 liieereremei,
870 3111 946 3180 Deus,
1005 3109 1158 3177 muntenni,
1174 3110 1251 3166 dicat
1265 3110 1365 3182 priori,
1382 3113 1432 3183 qui
1444 3115 1593 3184 provideat
1615 3118 1667 3190 qui
1691 3123 1824 3179 sacerdos

125 3202 170 3258 vel
187 3202 271 3257 toties
287 3204 370 3258 i'otsr
383 3206 484 3258 nester.
1003 3196 1058 3255 hcc
1073 3199 1169 3266 iaciat,
1187 3200 1276 3271 etqui
1291 3216 1358 3256 cum
1369 3216 1403 3257 ea
1413 3207 1490 3259 eant.
1506 3204 1648 3263 Secsrdcs
1663 3224 1733 3266 uere
1744 3211 1823 3268 ablu·

159 3295 190 3349 ln
206 3293 314 3365 quibus
327 3292 477 3359 omuibus,
489 3291 512 3346 si
527 3291 697 3364 priusquam
723 3289 871 3361 persoluta
889 3290 947 3345 lue·
1002 3287 1040 3344 tis
1052 3288 1198 3356 manibus,
1208 3289 1330 3345 indutus
1343 3288 1420 3359 alba,
1430 3291 1544 3349 stelaet
1555 3295 1715 3368 manipulo,
1728 3305 1825 3357 sumet

124 3383 193 3450 rint,
210 3383 246 3437 de
262 3382 491 3453 parentibusseu
508 3381 542 3435 de
554 3379 748 3435 familiaribus
762 3377 881 3444 nostris,
903 3378 946 3433 uel
1002 3383 1113 3450 psriem
1130 3377 1271 3434 Dominici
1287 3380 1415 3451 corporis
1432 3383 1467 3437 de
1481 3382 1598 3441 vasculo
1614 3385 1644 3442 in
1661 3404 1721 3460 quc
1734 3406 1824 3446 raser-

123 3475 210 3530 ciiam
241 3475 275 3528 de
300 3474 438 3528 iratribus
463 3472 557 3527 nestri
580 3472 691 3527 ordinis
711 3470 802 3542 ntiqui
832 3470 945 3538 obierit,
1001 3472 1419 3542 vatunqmrntenenssuper
1441 3472 1561 3529 calicem
1583 3480 1709 3548 utreque
1736 3496 1821 3537 meua

123 3562 210 3632 recrpi
226 3562 340 3632 poterit,
358 3562 414 3617 nisi
431 3562 503 3617 torte
513 3577 547 3616 ea
557 3561 665 3632 aliquis
678 3577 728 3632 per
739 3559 945 3633 negligentium
1000 3556 1145 3612 otiericrio
1161 3563 1309 3630 cooperta,
1320 3564 1367 3615 eat
1377 3561 1412 3616 ud
1423 3560 1585 3632 iniirrnurn,
1599 3566 1742 3626 iratribus
1757 3588 1822 3644 prse-

123 3667 207 3708 suam
225 3651 355 3706 nondum
370 3649 547 3721 persolverit.
559 3650 586 3704 Si
603 3650 652 3720 qui
670 3656 780 3716 temen,
809 3649 945 3721 quamvis
999 3646 1138 3703 euntibus
1153 3646 1206 3704 hoe
1223 3649 1309 3704 modo
1325 3650 1532 3721 :primuscum
1546 3670 1622 3726 aqua
1632 3657 1821 3717 benedicturi

36 3748 39 3753 '
122 3741 219 3799 adhuc
234 3740 331 3795 debito
346 3738 607 3810 teneaturcapituli
618 3755 625 3793 ε
638 3738 680 3794 vei
693 3737 855 3794 etiamaliis
868 3745 945 3794 iem·
998 3732 1066 3807 igue
1082 3735 1111 3791 in
1127 3736 1269 3792 absconse
1282 3753 1288 3791 τ
1302 3738 1451 3794 secundus
1466 3755 1532 3795 oum
1549 3742 1615 3799 viuo
1627 3744 1658 3799 in
1671 3748 1820 3819 ampulla:

121 3827 639 3903 poribus,quamdiudebetaliquem
648 3827 768 3883 missam
779 3828 941 3900 prodeiun·
997 3824 1102 3881 tertius
1118 3841 1183 3881 sero
1204 3842 1271 3881 cum
1283 3842 1367 3882 cruce
1382 3826 1574 3902 discooperta.
1591 3836 1681 3889 Porro
1695 3835 1741 3893 iili
1757 3846 1819 3894 sats

121 3918 188 3986 ctis,
204 3920 240 3975 de
251 3918 386 3990 presenti
398 3915 583 3974 solemnitate
593 3933 628 3972 ex
648 3918 799 3974 devotione
823 3921 941 3974 cautere
996 3931 1070 3986 quos
1090 3919 1251 3985 transeunt,
1278 3923 1501 3987 prosternantur
1516 3936 1603 3993 super
1626 3939 1750 3995 genua:
1771 3944 1818 3984 re·

118 4009 244 4066 voluerit
260 4023 266 4063 :
284 4024 341 4063 non
356 4008 382 4064 ei
399 4007 583 4079 reputabitur
598 4023 649 4078 pro
662 4004 850 4079 negligentia.
862 4007 940 4062 snex
995 4000 1152 4060 deuntibus
1168 4020 1245 4073 vero,
1261 4003 1404 4062 inclinent
1422 4012 1548 4064 tentum.

116 4114 175 4170 quo
190 4097 251 4152 huc
265 4096 409 4153 absolutio
426 4096 500 4152 lecta
515 4099 570 4164 ssi,
583 4095 785 4168 unusquisque
796 4096 872 4168 quod
884 4095 940 4150 iru-
1030 4091 1102 4148 Cum
1116 4097 1212 4149 sutem
1230 4094 1415 4165 pervenerint
1430 4096 1465 4152 ad
1481 4098 1643 4170 inllrmum,
1664 4102 1819 4178 inquirens

115 4186 211 4242 tribue
221 4187 283 4243 suls
292 4184 389 4255 debet,
401 4202 458 4242 non
469 4190 637 4257 exspectato
647 4186 742 4240 reditu
753 4185 892 4241 abbatum
903 4186 937 4242 de
994 4180 1079 4237 sudem
1089 4184 1163 4253 ejus,
1176 4184 1370 4240 communicet
1379 4201 1447 4241 eum
1458 4188 1604 4260 sacerdos,
1613 4198 1819 4268 posteaaeper·

115 4272 255 4348 capitulo,
269 4275 381 4342 devote,
399 4274 583 4330 utDcminus
599 4275 705 4347 cuique
729 4273 852 4343 dederit,
877 4273 937 4330 sol·
992 4273 1043 4344 gat
1056 4270 1163 4343 digitos
1178 4286 1248 4328 sace
1263 4271 1479 4347 vincincaiice‚
1507 4278 1585 4348 quod
1606 4280 1758 4342 ministret
1781 4287 1819 4357 si,

104 4381 180 4423 qm
195 4368 317 4437 satagat,
992 4365 1096 4418 tenens
1111 4360 1259 4418 sinistram
1277 4379 1397 4421 manum
1412 4369 1468 4422 sub
1480 4372 1578 4426 mento
1599 4368 1692 4438 illins,
1715 4380 1746 4431 et
1766 4377 1819 4435 iis·

149 4454 391 4511 Dioumabbatee
402 4452 439 4511 de
450 4451 635 4510 cisterciensi
651 4453 779 4526 capitulo
794 4453 936 4524 venerint,
951 4440 975 4505 D
993 4468 1057 4508 rum
1071 4450 1176 4508 liniens
1191 4450 1309 4508 calicem
1325 4453 1403 4524 uino,
1419 4455 1469 4511 det
1481 4457 1519 4513 ei.
1535 4457 1575 4514 De
1590 4459 1646 4515 sibi
1663 4468 1766 4521 cutem
1781 4468 1818 4523 ad

111 4544 208 4618 prime
220 4544 267 4600 die
276 4560 334 4617 qua
344 4542 374 4599 in
385 4560 439 4600 suc
451 4541 578 4615 quisque
590 4542 676 4599 luerit
688 4541 826 4613 capitulo,
838 4542 873 4598 ed
887 4543 935 4598 ad·
990 4539 1044 4595 hoc
1054 4555 1127 4611 opus
1137 4539 1312 4596 necessariis
1322 4539 1403 4612 ioqui
1412 4544 1527 4614 poterit.
1540 4546 1621 4611 Quod
1642 4548 1667 4604 si
1687 4552 1820 4612 viderint

110 4631 932 4692 monitionemcentorisiterumabsolvanturcumtlexic·
988 4630 1820 4704 sumnondumpropinquaremorti,dimitlentesibieru·

110 4739 273 4797 negsnum,
286 4722 375 4779 etiam
387 4720 546 4779 Dominicis
575 4729 602 4777 et
622 4720 703 4778 iestis
724 4720 839 4777 diebus.
861 4720 931 4777 Om-
989 4735 1051 4777 cem
1063 4725 1089 4775 ei
1103 4735 1209 4791 aquam
1225 4719 1418 4793 benedictam,
1436 4723 1555 4783 redeant
1578 4743 1612 4786 co
1635 4731 1818 4808 ordineque

108 4813 198 4871 nibus
213 4827 330 4887 quoque
345 4810 505 4868 Tricsnarii
521 4810 624 4868 diebus
640 4809 765 4867 collecte
775 4810 932 4866 Tricenarii
987 4812 1138 4867 venerunt.

111 4919 164 4977 prc
179 4901 222 4959 eis
238 4902 266 4957 iu
282 4904 426 4958 conventu
444 4900 582 4972 (exceptis
596 4899 750 4958 duodecim
773 4898 931 4956 lectionum
1301 4898 1419 4958 CAPUT
1438 4902 1496 4960 (ill.

111 4992 226 5065 dicbus)
238 4996 297 5049 tarn
309 4990 344 5047 ad
357 4990 464 5047 missas
478 4991 613 5063 quemad
632 4989 728 5047 cilicia
741 4989 864 5047 dicatur.
877 4990 931 5047 Su·
1182 4989 1324 5057 Quomodo
1338 4989 1436 5062 torpes
1450 4993 1610 5065 sepeliatur.

110 5098 163 5154 per
177 5080 239 5138 hec
253 5079 363 5146 omnis,
376 5079 468 5135 missa
485 5096 540 5135 uun
552 5079 694 5152 quotidie,
705 5082 824 5153 excepto
836 5079 933 5136 Natali
1023 5079 1095 5134 Dum
1111 5076 1219 5150 hospes
1235 5077 1391 5134 nuntiatus
1403 5080 1491 5137 tuerit
1515 5083 1636 5158 obiisse,
1663 5092 1818 5161 provideat

109 5168 231 5238 Domini,
265 5170 425 5237 Permesse,
450 5169 575 5226 sabbato
598 5167 724 5236 Pescen,
749 5176 775 5224 ei
800 5168 863 5239 ipsu
884 5167 932 5223 dis
988 5168 1820 5258 priorqualiterauimscommendetur,hospitalisquuli-

107 5260 222 5317 Pescia
237 5263 266 5315 ot
280 5260 453 5315 Pentecosten
468 5264 528 5316 tam
540 5274 593 5332 pro
608 5257 650 5315 cis
672 5273 760 5332 quum
785 5274 837 5331 pre
866 5256 932 5313 aliis
987 5263 1031 5315 ter
1044 5264 1110 5330 epte
1126 5266 1312 5330 preparetur.
1323 5260 1405 5316 Prior
1416 5277 1484 5319 vero
1495 5266 1611 5335 quando
1621 5267 1820 5333 videritccm·

107 5346 246 5406 omnibus
263 5347 413 5405 de'cidine
428 5352 540 5417 ncsirc,
557 5347 605 5419 qui
622 5347 658 5404 ab
672 5337 728 5404 hoc
744 5344 850 5403 seculo
877 5347 931 5401 mi·
987 5356 1093 5421 peiere,
1110 5347 1211 5403 mittat
1224 5348 1404 5406 sacerdotem
1421 5366 1487 5407 cum
1498 5353 1676 5416 collectaneo
1685 5366 1720 5417 ct
1728 5364 1817 5435 stela,

110 5440 268 5505 araverunt
282 5435 328 5490 vei
340 5435 471 5508 quetidie
485 5436 624 5510 migrant,
636 5436 761 5493 dicatur.
987 5443 1013 5492 ei
1028 5436 1100 5492 duce
1116 5434 1221 5492 iratres
1237 5453 1304 5493 eum
1317 5454 1402 5495 eruce
1416 5444 1446 5495 et
1460 5457 1537 5514 aqna
1559 5442 1716 5507 benedicta
1732 5462 1761 5510 et
1775 5454 1820 5511 iu·

161 5522 265 5581 itermc
279 5523 408 5579 Drruiam
433 5540 484 5596 pro
506 5527 639 5598 Defuncto
660 5525 878 5583 semiunciarum.
989 5523 1068 5581 mine
1080 5524 1108 5580 in
1126 5524 1282 5594 absconsa,
1299 5532 1328 5584 et
1340 5526 1499 5598 thuribulo,
1513 5533 1632 5606 siquod
1642 5536 1776 5600 volucrit
1786 5545 1822 5602 ad
