3788 6000
160 213 239 278 tuta
794 196 827 259 S.
850 193 1084 257 scutulatis
1108 192 1231 257 ABBAS
1590 196 1593 201 ’
1798 196 1873 261 luo

87 398 91 405 ,
156 354 216 407 tar.
231 349 336 404 Postea
362 354 487 413 surgens
502 339 531 394 et
552 336 652 392 levans
667 333 777 404 sedern,
793 335 823 388 et
836 329 983 386 inclinans
997 332 1025 401 Α
1038 330 1067 384 at
1081 327 1213 386 oeteriu
1229 330 1259 386 at
1273 328 1315 386 sle
1341 331 1512 403 repetantur
1535 346 1589 404 per
1612 329 1748 404 cingulos
1762 332 1831 393 die,
1844 335 1868 393 ,1

156 437 193 495 ad
208 435 298 492 altars
311 431 433 504 incipiat
447 427 625 487 lectionem.
642 423 704 488 Qua
720 422 804 480 finita
817 420 920 477 iterum
938 420 982 478 ln·
1038 434 1158 476 necesse
1172 419 1270 477 luerit.

155 526 255 584 aliast.
271 522 411 582 Similiter
427 518 548 576 inclinet
563 516 599 572 ad
615 514 703 570 linem
724 511 909 583 singularum
924 509 983 566 lac·
1073 508 1193 575 Quodsi
1213 508 1312 584 aliqua
1337 510 1479 569 festivitas
1503 512 1656 570 duodecim
1693 515 1864 573 Lectionum

153 615 268 673 tionum
284 617 312 669 et
325 609 507 683 singulorum
519 603 709 662 versuumllt
726 617 810 658 versa
826 599 900 656 tertii
912 599 982 656 iles·
1037 601 1223 673 occupaverit
1251 602 1413 658 secundam
1443 603 1545 659 leriam
1575 604 1604 659 in
1629 620 1662 661 sa
1691 622 1758 678 quie
1778 623 1868 664 vacua

155 703 285 778 ponsarii
300 703 378 759 dicto
394 699 530 756 resideat.
546 694 641 752 Finito
651 692 774 749 luudute
787 691 934 747 Dominum
947 689 983 745 de
1036 691 1210 747 successerit
1225 690 1483 760 festivitati,iidem
1495 692 1578 764 primi
1590 693 1698 767 psalmi
1712 696 1865 753 dicantar:

154 794 244 867 celia,
261 795 333 851 dam
348 793 454 848 iratres
469 784 597 845 dixerint
613 783 741 859 llepuiern
755 787 908 846 aternum,
921 795 983 835 aar·
1036 777 1061 835 si
1077 790 1173 837 autem
1190 787 1347 854 postquem
1362 781 1432 837 dicti
1449 781 1559 839 luerint
1572 782 1659 841 iidem
1677 784 1789 858 psalmi
1805 788 1861 858 pri·

156 889 237 960 gant.
253 881 392 941 Similiter
406 879 514 936 iaciunt
528 876 563 933 ad
582 873 723 948 Vesperas
737 876 804 945 poet
819 869 981 942 Confitetur,
1035 868 1087 940 mi,
1103 869 1474 930 aiialestivitssdaodecim
1485 872 1648 931 lectionum
1659 875 1859 949 intervenerit,

155 977 286 1033 diceutes
312 970 442 1044 liequicm
468 971 613 1026 murnum.
642 965 733 1030 Quem
753 959 921 1028 versam,id
937 960 982 1016 eet
1036 976 1093 1016 non
1110 964 1240 1017 mutetur
1253 962 1337 1030 ordo,
1353 963 1404 1018 sed
1420 979 1454 1019 ea
1476 963 1549 1020 teria
1574 981 1637 1036 que
1660 966 1800 1038 expedita
1820 982 1861 1025 ω.

155 1066 285 1138 deputem
298 1071 443 1129 aeterncm,
460 1072 577 1129 semper
601 1055 680 1111 dicat
702 1051 782 1110 solas
804 1049 853 1106 ille
874 1049 981 1106 choras
1035 1056 1153 1126 quatur,
1167 1051 1302 1109 dicantar
1315 1055 1376 1109 tres
1396 1053 1486 1110 medii
1502 1054 1647 1126 psalmica
1663 1056 1723 1112 ntia
1742 1057 1792 1113 dia
1807 1061 1862 1115 tm

157 1155 205 1214 oui
219 1153 371 1227 competit.
387 1150 471 1208 Dicta
485 1151 584 1204 antam
600 1143 770 1217 antiphona
782 1149 845 1215 poet
858 1139 982 1197 laudate
1034 1140 1149 1198 ultimi:
1166 1140 1195 1198 in
1211 1142 1347 1214 sequenti
1363 1157 1429 1200 vero
1445 1149 1617 1218 repetantur
1632 1161 1650 1201 a
1663 1145 1773 1218 eapite.

157 1245 305 1305 Dominum
319 1242 352 1299 de
365 1238 451 1311 colit,
467 1232 713 1293 hebdomadarius
724 1229 846 1300 incipiat
857 1233 982 1299 deorum
1358 1232 1476 1290 gppuvp
1495 1233 1540 1293 LI·

156 1333 361 1393 resurrection
378 1330 444 1395 utto,
462 1331 492 1383 et
507 1323 669 1382 Benedictus
679 1321 794 1378 dicutur
808 1317 980 1391 aliquantu·
1114 1325 1175 1394 Quo
1188 1320 1286 1379 ordine
1296 1321 1426 1380 dicantar
1438 1322 1561 1381 collecte
1576 1339 1627 1398 pro
1640 1326 1789 1398 defunctis.

159 1425 222 1482 lum
238 1419 421 1496 productius,
442 1421 471 1474 et
494 1414 649 1487 ltuunificut
674 1409 811 1468 similiter
825 1410 860 1465 ad
877 1407 981 1481 Vespe-
1070 1410 1244 1484 Omnipctens
1271 1415 1439 1486 sempiterne
1463 1414 1533 1470 Deus
1558 1415 1606 1471 eui
1629 1431 1792 1488 uunquam,
1812 1432 1859 1488 pm

158 1529 208 1571 Μ
223 1528 275 1586 Plo
289 1508 446 1568 dfllfflwll&
1035 1499 1174 1557 tratribus
1190 1501 1551 1576 congregationis‚necnon
1569 1520 1621 1577 pro
1636 1507 1785 1577 parribus,
1802 1522 1861 1562 m.

194 1605 269 1677 lirgo
285 1598 578 1673 Antiphonacantata
591 1599 656 1667 post
666 1588 836 1661 Benedictus,
852 1591 980 1661 proster·
1035 1588 1140 1659 tribus,
1169 1591 1322 1649 sororibus
1338 1597 1367 1649 et
1395 1591 1589 1649 luminariam
1617 1595 1728 1651 noum„
1753 1593 1860 1651 diem„

160 1699 233 1753 nant
246 1708 278 1750 se
289 1692 491 1761 iratrsssuper
505 1687 626 1752 turmas,
642 1682 667 1738 si
679 1688 794 1753 tempas
814 1678 900 1736 luerit
915 1695 979 1750 pro·
996 1710 1020 1777 B
1035 1680 1140 1751 prius:
1166 1680 1272 1738 deinde
1296 1681 1440 1738 fidelium
1463 1684 1535 1740 Deus
1553 1683 1689 1745 omnium.
1709 1684 1781 1750 Qua
1801 1685 1860 1741 dua

160 1781 312 1840 sternendi
324 1797 332 1850 3
342 1779 387 1836 sin
403 1773 659 1845 satem,rsclinent
669 1787 700 1828 ae
715 1787 804 1844 saper
816 1771 980 1826 misericor·
1037 1768 1172 1827 dicantur
1187 1770 1304 1827 assidue
1320 1781 1377 1827 tam
1387 1773 1423 1828 ad
1439 1771 1581 1845 Vesperas
1595 1789 1688 1845 qaam
1702 1777 1737 1829 aa
1753 1772 1860 1830 laudea

159 1859 982 1945 disst39)‚etdicaatl’cternortersubsilentio.lleiade
1036 1859 1146 1916 eiusad
1163 1859 1301 1934 vigiliam
1320 1862 1456 1936 vesperis
1479 1862 1679 1935 conjunctam.
1707 1861 1741 1921 ln
1771 1864 1861 1919 'l'rice-

158 1961 281 2035 incipiat
291 1957 540 2017 hebdomadariae
555 1954 691 2012 sacerdos
708 1949 853 2024 psalmam
868 1950 906 2005 lle
915 1964 981 2022 pre·
1036 1950 1118 2006 nario
1134 1951 1211 2023 qaod
1227 1949 1260 2007 tit
1273 1955 1339 2024 post
1353 1951 1487 2023 generals
1497 1952 1657 2026 capitulam
1675 1960 1857 2026 preponatur

156 2049 261 2124 tanda,
276 2047 328 2123 qui
338 2063 454 2120 semper
467 2045 581 2103 dicatur
596 2043 631 2100 ad
647 2042 762 2098 Laudes
773 2056 824 2113 pro
837 2039 981 2096 defunctis
1035 2040 1105 2096 Deus
1120 2040 1207 2097 ruente
1223 2044 1353 2112 turpiter,
1365 2051 1392 2098 et
1407 2042 1443 2098 ad
1460 2044 1583 2099 missam
1600 2059 1651 2116 pro
1668 2043 1821 2100 det'unctis
1834 2044 1857 2100 in

157 2140 261 2199 tamin
285 2142 384 2195 astate
408 2151 497 2208 qaam
527 2134 556 2190 in
582 2133 688 2199 hieme,
714 2144 802 2203 quem
831 2131 982 2202 percurret
1036 2130 1858 2204 conventaaisiprasensdesunetuslueritsial'rotem·

159 2227 405 2301 aterqueohorus
430 2221 606 2281 alternatim.
636 2223 697 2288 Ouo
720 2219 833 2292 expleto
861 2215 980 2275 etdieto
1035 2235 1103 2292 pore
1130 2219 1331 2277 tricenariam
1361 2219 1442 2278 aliud
1468 2221 1594 2295 agimus,
1621 2227 1694 2280 oeae
1721 2225 1770 2280 cm·
1796 2240 1856 2292 μω.

158 2317 285 2392 deputem
299 2320 433 2373 eceman
450 2312 528 2369 sicut
539 2312 574 2369 ad
587 2316 704 2367 ceteros
717 2308 827 2381 primos
838 2304 979 2378 psalmos,
1033 2312 1148 2382 priurn3
1166 2311 1191 2366 si
1206 2325 1336 2382 praseae
1355 2310 1512 2369 deiunctae
1528 2311 1624 2380 luerit,
1644 2312 1673 2368 in
1688 2311 1787 2385 primo
1802 2312 1856 2369 1000

110 2398 113 2407 ’
156 2409 237 2467 dicat
252 2406 388 2464 sacerdos
403 2405 514 2473 Aperte
534 2404 628 2474 inseri,
644 2408 673 2457 et
684 2400 813 2456 Dominae
828 2395 977 2466 uobiscum,
1034 2415 1151 2472 semper
1162 2400 1277 2457 dicatae
1290 2401 1401 2458 lactina
1427 2400 1626 2474 singulariter,
1641 2404 1772 2475 exceptis
1786 2419 1851 2475 pm.

155 2502 184 2555 et
199 2493 450 2570 postescollectas
471 2493 734 2548 ordineconsueto.
751 2488 863 2554 Quibus
879 2484 976 2560 exple·
1032 2490 1128 2563 cipnis
1148 2492 1253 2549 ciliciis
1279 2492 1494 2562 defunctorum,
1522 2494 1552 2552 in
1568 2494 1678 2568 quibas
1708 2499 1778 2568 post
1799 2495 1850 2568 pri·

157 2587 241 2653 tis,et
259 2585 388 2641 Dominae
403 2582 539 2640 cutiacum
553 2585 582 2637 et
596 2578 779 2653 Requieecont
794 2580 823 2634 in
837 2594 914 2651 pace,
930 2592 976 2634 re·
1032 2597 1110 2638 mam
1126 2580 1283 2655 (tellectum
1300 2583 1360 2639 aaa
1375 2582 1438 2641 sola
1451 2585 1536 2657 aequi
1549 2587 1644 2643 detet.

152 2675 318 2748 spondeant
332 2688 446 2741 omnes,
471 2672 568 2739 Arnen,
598 2679 753 2742 antequam
777 2671 922 2741 surgant:
948 2669 976 2724 et
1068 2672 1248 2729 admissam
1269 2689 1335 2730 raro
1360 2678 1475 2730 tantum
1505 2675 1577 2747 dua,
1602 2674 1850 2747 acilicatOmnr'pe·

147 2768 221 2823 tuno
235 2769 388 2839 surgentes
403 2768 430 2820 et
447 2760 622 2819 inclinantes
637 2760 672 2815 ad
695 2757 796 2824 altura
811 2756 973 2813 discedant.
1029 2766 1088 2819 tene
1098 2765 1260 2836 sempiterne
1275 2764 1344 2820 uena
1358 2765 1405 2821 cui
1417 2781 1559 2839 nunquam
1573 2767 1635 2823 sirie
1647 2782 1696 2838 ape
1710 2772 1749 2836 at,
1761 2766 1850 2824 ornet.

151 2852 220 2912 Post
233 2853 377 2927 vesperas
392 2868 459 2909 uero
474 2850 531 2907 diei
560 2849 694 2906 dicantur
708 2848 841 2920 Vespera
857 2861 908 2918 pro
924 2845 973 2901 de·
1034 2856 1131 2923 potens
1145 2862 1310 2926 sempiterne
1325 2854 1396 2910 Deus
1410 2854 1460 2929 qui
1477 2855 1642 2914 vicorumsi
1661 2872 1792 2929 praesens
1806 2858 1849 2912 da·

146 2943 257 3001 lanatis
272 2947 302 3000 et
323 2942 456 3016 psalmas
483 2940 587 3007 laurio,
608 2940 705 2995 anima
719 2953 790 3005 mcc,
816 2938 972 3006 Dominum,
1032 2941 1152 3000 funerus
1168 2944 1255 3000 tuerit
1269 2943 1397 3002 armies„
1408 2962 1459 3017 pro
1474 2962 1507 3002 ρο
1518 2946 1639 3010 dionem,
1656 2947 1775 3004 dicetur
1788 2945 1845 3004 001.

148 3037 216 3092 anta
230 3032 400 3092 collectasa
416 3032 564 3088 sacerdote
575 3027 804 3086 hebdomadario
820 3027 971 3098 incoeptae.
1028 3030 1101 3089 lecta
1115 3033 1238 3104 lactina,
1247 3033 1374 3103 liciniae,
1384 3041 1412 3092 et
1424 3037 1602 3108 Omnipotens
1609 3040 1777 3109 sempiterne
1786 3039 1849 3096 uene

186 3121 480 3197 Aprimallominica
493 3118 729 3192 Quadragcsima
742 3131 834 3186 usqae
846 3115 880 3172 ad
894 3113 973 3169 laeli·
988 3096 1013 3164 C
1031 3123 1080 3195 qm·
1094 3121 1232 3191 vivorum,
1247 3123 1305 3181 nisi
1326 3125 1413 3181 suem
1434 3127 1565 3183 sommae
1587 3127 1802 3197 mmmm,
1823 3129 1848 3182 in

146 3211 265 3269 vitatem
284 3211 412 3270 Omnium
426 3211 589 3265 Sanctorum
600 3206 762 3263 celebretur
774 3203 903 3260 ciliciam
921 3203 969 3258 de·
1026 3227 1084 3282 quo
1101 3214 1309 3286 ratesponpur'
1333 3215 1403 3271 Dm
1426 3218 1515 3274 vm
1536 3214 1664 3288 lam-m·
1689 3217 1721 3274 Si
1747 3234 1798 3291 pm
1821 3232 1849 3273 ω

145 3301 313 3359 tunctorum
329 3298 546 3373 postllesperas
560 3297 633 3353 diei:
660 3293 828 3350 itascilicet
843 3298 874 3347 ut
890 3291 970 3364 prius
1025 3301 1119 3357 missa
1133 3302 1273 3359 celebrari
1290 3319 1348 3360 non
1362 3309 1468 3376 pomp,
1482 3306 1594 3361 dicem?
1608 3312 1707 3363 tamen
1723 3306 1849 3381 ipsam·

145 3390 423 3458 ‘llfflsslul'l'ffluffl
433 3381 968 3460 ltf⁰ll³⁸l⁰⁸d0f⁰ssssll³r⁰ld⁰lssd0⁸⁰b·
1023 3388 1106 3448 lecta.
1120 3393 1151 3449 Si
1165 3398 1264 3450 aumas
1276 3395 1573 3467 presensdefunotus
1585 3396 1742 3469 episcopas
1754 3400 1845 3462 luerit,

145 3483 284 3553 sequatur
297 3477 450 3550 Vigiliallt
465 3476 542 3531 dicto
563 3474 649 3529 tertio
673 3471 878 3544 desponsatio,
891 3470 970 3526 dicat
1023 3480 1092 3537 pm
1107 3480 1237 3553 quirum
1246 3484 1420 3556 “pomum
1432 3484 1478 3541 die
1489 3489 1605 3543 tantum
1616 3486 1778 3559 sepultum
1789 3488 1846 3560 ejus

144 3566 393 3625 hebdomadarius
409 3563 609 3620 audivivocem
624 3564 660 3617 de
673 3562 740 3618 curlo
755 3558 900 3627 dicentem,
915 3558 968 3615 ha·
1024 3569 1146 3626 dicetur,

143 3657 216 3715 bena
232 3656 336 3713 laoiem
352 3654 388 3710 ad
404 3655 528 3710 alteram
542 3651 682 3708 choram:
699 3665 751 3706 nec
767 3647 887 3705 inclinet
901 3652 968 3704 ante
1067 3660 1110 3713 ad
1127 3658 1248 3716 missam
1265 3661 1467 3733 quotidianum
1482 3679 1534 3737 pro
1549 3664 1690 3722 omnitrug
1712 3665 1847 3723 fraatjau.

142 3748 187 3806 val
204 3754 270 3823 post
283 3748 317 3805 lit
329 3762 469 3819 responso
481 3740 744 3808 aeonvsatuffleuti
757 3741 923 3813 mortuique
937 3741 966 3796 trr
1023 3750 1052 3802 et
1068 3746 1262 3806 familiaribus
1276 3750 1388 3807 ordinis
1403 3753 1495 3810 nomi
1506 3752 1651 3810 defunctis
1663 3753 1779 3812 dicetur
1790 3754 1845 3811 w·

140 3840 258 3899 Domino
272 3837 670 3908 rnomuuturprostsraantar
684 3836 735 3889 aut
746 3829 894 3888 resideant
909 3831 967 3887 sic·
1021 3834 1097 3893 lecta
1110 3836 1229 3904 inclino,
1246 3839 1379 3899 Domine:
1395 3840 1421 3896 si
1436 3841 1592 3898 deiunctae
1606 3858 1738 3914 pressas
1751 3844 1842 3911 faerit,

141 3934 175 3987 ut
189 3929 324 4002 superius
340 3927 452 3984 dietam
473 3929 528 3982 est.
551 3923 635 3980 Circa
655 3938 723 3980 uero
747 3921 835 3978 linem
849 3919 966 3994 vigilias,
1021 3925 1135 3983 dicatur
1149 3943 1200 3998 pro
1215 3944 1248 3985 oo
1263 3930 1393 3987 secunde
1408 3931 1589 4000 omnipoteni
1602 3935 1769 4004 sempiterne
1778 3935 1841 3991 near

142 4018 252 4077 scilicet
268 4023 334 4089 poet
359 4022 441 4073 Pater
463 4023 565 4081 nester,
582 4012 698 4069 dicatur
712 4010 847 4084 psalmus
862 4010 965 4082 Muta,
1021 4014 1070 4071 cui
1083 4032 1226 4088 nunquam
1248 4018 1446 4092 singulariter.
1460 4020 1571 4079 Deinde
1594 4021 1619 4078 si
1643 4022 1843 4082 Tricenarium

139 4108 242 4165 animo
253 4106 576 4178 meu,lluminum,qaem
587 4103 706 4176 incipiat
717 4100 966 4157 hebdomadariae
1020 4106 1143 4178 agimus,
1161 4108 1276 4164 dicetur
1302 4109 1372 4166 licut
1397 4108 1444 4166 cui
1465 4113 1610 4185 proprium
1631 4117 1685 4181 est,
1708 4114 1758 4172 val
1781 4117 1845 4172 near

141 4197 289 4254 sacerdos.
306 4196 419 4252 Laudes
434 4211 500 4252 vero
517 4194 649 4266 ipsorum
674 4191 880 4248 detunctorum
897 4205 965 4263 per·
1019 4194 1106 4251 neuim
1124 4196 1241 4268 10793101.
1256 4197 1280 4252 εἰ
1302 4196 1390 4254 fuerit
1413 4198 1544 4258 solemne
1566 4200 1784 4260 Tricensim-
1806 4202 1845 4260 Ad

138 4293 265 4362 agantur
283 4287 314 4343 in
343 4286 482 4353 crastino,
508 4284 584 4340 inter
612 4282 780 4349 distulisse,
803 4281 918 4338 Laudes
937 4288 963 4337 et
1019 4284 1559 4346 missamenimiaconrentanallam
1572 4289 1845 4367 Triceaariamagi.

138 4376 280 4436 primm·
1017 4389 1086 4430 mua
1101 4375 1159 4431 nisi
1173 4374 1245 4431 illarl
1261 4376 1393 4434 solemne
1408 4379 1487 4450 qaod
1499 4379 1532 4435 at
1542 4388 1606 4452 post
1619 4381 1760 4452 generale
1772 4384 1843 4456 capi·

171 4464 254 4532 Quod
268 4467 363 4521 totam
376 4462 505 4520 oltlcium
521 4461 725 4518 defunctorum
746 4475 779 4516 eo
799 4457 900 4516 ordino
915 4459 999 4543 cli-1)
1015 4463 1120 4521 talam.
1134 4464 1293 4523 Sciendum
1307 4466 1377 4539 quia
1392 4465 1421 4523 in
1446 4467 1541 4524 tribue
1566 4469 1665 4526 missis
1692 4485 1773 4542 quas
1795 4489 1843 4545 pro

135 4560 218 4613 catur
229 4555 259 4612 5¹²
275 4558 385 4621 mille·
403 4569 459 4626 ‘ll0
488 4551 689 4608 ⁰ldl⁰⁸llffi¹¹⁸
704 4549 735 4605 iu
752 4547 856 4605 hieme·
877 4548 959 4614 Quod
1015 4553 1451 4627 quolibetdetnnntodebemne,
1464 4557 1843 4627 dicitarcollectalncliaa.

134 4644 265 4702 ciliciam
277 4643 328 4701 tali
339 4644 441 4701 ordine
455 4642 619 4699 celebratur
633 4640 663 4695 in
677 4638 959 4706 hebdomada,atee·
1013 4641 1128 4699 Doneine
1143 4643 1342 4716 singulariter,
1359 4644 1415 4702 nisi
1431 4646 1461 4701 ia
1476 4646 1609 4719 Capitale
1618 4646 1841 4719 pluraliterdlel

135 4734 233 4793 cunda
248 4733 320 4791 laria
333 4732 469 4789 dicantur
483 4736 541 4787 tres
558 4728 675 4803 psalmi,
687 4727 772 4783 idest
789 4726 957 4798 Veriaraca,
1012 4733 1206 4807 precipiatur.
1299 4726 1303 4730 ’

133 4825 266 4885 etoateri
277 4825 335 4882 nisi
347 4824 377 4880 in
393 4820 567 4894 precedenti
578 4816 728 4876 [lominica
742 4817 813 4874 dicti
830 4816 957 4874 luerint:
1327 4823 1441 4883 CAPUT
1462 4825 1519 4884 ΒΗ.

132 4920 229 4974 altres
242 4916 343 4989 primae
362 4913 523 4981 lectiones,
539 4910 624 4967 idest
639 4910 724 4965 Parce
739 4907 817 4974 criti,
834 4909 956 4979 Domine,
1154 4912 1192 4969 ue
1206 4912 1305 4984 officiis
1324 4912 1516 4986 defunctorum
1530 4918 1693 4990 praecipuis,

132 5003 519 5063 circamundanum
536 4998 606 5055 teria
622 5008 678 5054 tres
694 4997 779 5054 aredii
797 4997 910 5069 paulini,
926 5000 957 5056 id
1047 5004 1079 5058 ln
1094 5002 1373 5059 commemoratione
1385 5005 1518 5062 omniurn
1534 5006 1667 5064 fideliam
1683 5007 1838 5069 detuncto-

130 5098 176 5152 est
189 5089 400 5162 Dominuerepit
415 5104 468 5157 me,
485 5086 619 5144 sineteri
635 5102 702 5143 cum
725 5085 911 5154 lectionibus,
927 5089 954 5144 id
1011 5107 1086 5160 rum,
1112 5097 1140 5147 et
1168 5091 1196 5146 in
1223 5094 1502 5152 commemoratione
1532 5101 1689 5167 parentam
1723 5108 1838 5156 nostro·

130 5187 176 5241 ost
191 5181 329 5254 desponde
344 5180 424 5248 milti,
442 5176 604 5234 etcateris.
621 5176 729 5242 Quarta
750 5175 822 5232 teria
837 5181 895 5233 tres
911 5177 955 5234 al·
1010 5197 1088 5248 rum,
1104 5184 1209 5238 l'ratarn
1229 5186 1259 5238 et
1280 5198 1414 5239 sororum
1439 5185 1632 5260 omniumque
1656 5192 1837 5266 consangui-

126 5273 193 5329 llml
208 5270 324 5345 Plsslmlr
343 5270 373 5326 ld
388 5273 433 5325 0⁸l
448 5269 613 5339 &ulmam
633 5263 800 5337 mimum]
816 5271 846 5321 02
860 5268 955 5325 celeri
1010 5287 1131 5328 aeorum
1142 5278 1171 5326 et
1185 5270 1404 5328 benetactoram
1422 5281 1599 5344 nostrorum,
1611 5291 1646 5333 eo
1656 5293 1779 5355 quoqne
1793 5281 1836 5338 dre

125 5377 195 5420 cum
210 5360 401 5428 lectionibus,
417 5358 446 5414 id
461 5362 504 5416 est
524 5355 645 5428 speum
660 5370 738 5411 rrreur
752 5357 952 5423 attenuabitur,
1009 5375 1066 5434 quo
1078 5368 1283 5433 poetannuum
1295 5358 1456 5432 capitulum
1466 5366 1628 5424 solemnem
1638 5367 1837 5428 lacimusme·

123 5475 374 5605 ⁶⁰{monstrent
387 5490 509 5548 aucuper
522 5471 736 5539 misericordior,
751 5468 865 5528 scilicet
880 5475 1036 5536 assidendo
1052 5477 1195 5536 sedilibus
1210 5476 1272 5534 suis
1286 5476 1469 5538 cucullarum
1486 5483 1610 5542 manicis
1624 5498 1719 5560 super
1741 5502 1836 5563 ganan

280 5565 305 5608 e.
