3788 6000
62 228 123 288 tite
558 238 747 303 HISTORIA
769 235 1034 299 HtEROSOLYM.
1057 269 1097 281 —
1120 237 1195 298 LIB.
1219 237 1271 298 tv.
1712 243 1775 304 teu

59 365 125 416 can.
142 361 233 417 xvii.
246 393 285 445 ·-
303 364 390 432 Quom
402 374 482 423 corte
497 368 552 425 sihi
565 374 743 429 convenerint
763 371 888 442 fidelium
903 368 1097 437 Aconsitium
1113 376 1242 426 nostrum
1260 370 1341 439 ;J'am
1356 369 1380 424 si
1395 370 1473 428 eires
1487 377 1514 426 st
1529 371 1613 429 Turci
1632 388 1684 429 nos
1709 391 1775 445 per·

240 444 382 507 ιηΨΜ
395 446 422 493 ‘⁸
446 441 566 497 ‘mittit'
577 445 707 500 ilvllsslt'i·
944 459 1099 522 senserint,
1116 474 1173 515 nan
1190 473 1264 514 unus
1279 458 1378 515 saltem
1391 475 1425 515 ex
1442 461 1525 516 nohis
1552 461 1635 517 virus
1662 464 1773 520 evadet.

96 538 245 596 ordinetis
260 542 356 614 itaque
373 545 513 603 universis
529 557 611 605 cauto
625 550 760 620 censitio,
789 565 891 620 quem·
943 547 993 616 ite,
1009 555 1036 604 et
1049 550 1235 605 ascendentes
1250 548 1335 604 vitam
1351 558 1473 605 vestram
1495 550 1551 606 tien
1567 551 1674 623 otierte,
1698 551 1770 609 cha-

61 629 127 683 dam
143 629 332 701 interpretem
350 633 521 706 linguarum,
537 655 641 707 genere
657 640 888 709 Langobardum.
944 638 1056 693 ritatem
1073 637 1122 692 Dei
1139 637 1264 693 scientes
1276 638 1364 694 vitam
1380 653 1429 707 pro
1445 639 1546 695 amicis
1566 656 1682 711 ponere.
1697 665 1712 692 a

62 720 97 775 de
114 720 282 778 domesticis
308 723 465 782 Boemundi
491 729 686 797 praemiserunt
714 732 748 785 ad
779 730 890 794 turrira,
942 744 1005 799 epp,
1023 743 1144 799 xix„
1170 743 1229 798 Viri
1258 744 1363 798 cordati
1385 746 1505 815 qualiter
1523 761 1574 817 per
1602 750 1760 805 corioeeom

62 824 147 878 quam
165 811 282 866 traditor
307 812 448 883 tuebatur,
465 821 607 886 quatenus
633 818 669 874 de
698 819 890 874 conventione
1172 815 1277 870 rualem
1293 814 1448 871 intromissi
1461 819 1530 873 aiut.

64 896 289 954 intromissionis
309 898 536 958 Christianorum
567 921 600 959 ex
630 914 708 976 parto
733 905 890 961 Boemundi
978 904 1020 959 Ad
1037 904 1096 960 haec
1112 909 1168 959 tem
1184 904 1431 970 magnanimorum
1446 906 1619 976 principium
1634 909 1720 966 verba
1735 917 1764 966 st

60 999 128 1041 eum
143 987 352 1056 admonerent
367 1005 453 1061 super
468 992 520 1047 boc
536 994 597 1064 ejus
609 1011 743 1065 responsa
758 996 890 1061 audiens,
942 992 1055 1059 salatia,
1073 992 1263 1064 plurimorum
1280 994 1415 1049 mentium
1428 994 1559 1051 dubietas
1573 997 1683 1053 detersa
1711 1005 1766 1055 est.

61 1075 244 1147 principibus
260 1079 445 1137 renuntiaret.
466 1082 519 1147 Qui
535 1084 568 1137 ad
586 1099 682 1140 mures
711 1084 888 1154 perveniens.
943 1082 976 1136 Et
991 1083 1067 1137 seata
1082 1089 1236 1150 assumpta,
1254 1098 1315 1153 quas
1326 1099 1359 1137 er
1375 1083 1451 1139 caria
1467 1093 1525 1140 erat
1541 1087 1665 1153 taurino,
1682 1087 1717 1143 ed
1733 1086 1762 1142 id

59 1165 238 1234 traditorem,
255 1166 305 1238 qui
335 1168 364 1223 in
394 1169 454 1238 ipsa
477 1178 560 1227 noete
583 1172 735 1228 constituta
759 1171 889 1228 interris
943 1171 1088 1242 negotium
1103 1170 1263 1242 aptissima,
1281 1171 1416 1240 paulatim
1430 1186 1511 1228 muro
1534 1177 1766 1248 appropinquant

60 1255 186 1310 fenestra
199 1254 295 1312 Gallos
310 1258 526 1327 prestolabatur
541 1260 670 1330 porrigit,
701 1261 799 1319 Greeu
828 1277 888 1317 ser·
942 1276 1006 1316 eum
1024 1261 1179 1330 interprete
1194 1276 1256 1327 suo,
1273 1259 1319 1316 ubi
1343 1261 1377 1314 ad
1409 1263 1514 1317 meanis
1543 1264 1658 1320 traditor
1687 1266 1761 1323 sirus

61 1344 440 1415 moneeppetlat;sisotus
465 1348 513 1414 sil,
531 1351 647 1420 requirit
676 1359 704 1406 ut
730 1351 889 1406 fiducialius
941 1349 1333 1420 adventantesopericbalur.
1351 1350 1383 1406 Ul
1412 1366 1478 1419 erga
1507 1352 1644 1421 premissi
1673 1354 1760 1425 ntiqui

57 1447 124 1488 curu
140 1447 174 1488 eo
190 1448 354 1491 sermonem
370 1437 404 1490 de
424 1436 567 1505 legatione
581 1437 741 1495 Boemundi
756 1438 885 1494 baberet.
940 1438 1154 1506 adiuerun1,atii
1170 1455 1204 1494 ex
1220 1439 1383 1495 domesticis
1397 1439 1488 1505 atacis,
1504 1439 1552 1495 alii
1568 1456 1601 1497 er
1628 1442 1764 1499 comitatu

56 1520 109 1583 Oui
126 1521 221 1577 verbis
236 1530 261 1578 et
277 1523 710 1596 siguiscertissimistiaemuadi
723 1528 885 1600 recognitis,
941 1528 1052 1583 liuberti
1070 1545 1077 1595 ;
1098 1527 1213 1598 quidam
1229 1543 1263 1582 er
1280 1527 1386 1582 iamitia
1402 1528 1571 1600 Boemundg,
1582 1530 1764 1587 Tarcumeos

58 1625 109 1681 per
125 1610 267 1666 annulum
295 1612 439 1683 videlicet,
468 1631 551 1686 quem
579 1616 760 1674 boemundus
787 1618 822 1673 eh
852 1633 886 1673 eo
939 1618 973 1672 ad
1003 1618 1109 1673 moenia
1138 1615 1348 1688 prestolantem
1379 1618 1520 1687 interpres
1548 1619 1700 1689 compellat
1736 1624 1769 1676 ut

57 1708 224 1772 susceptum
239 1717 317 1758 nunc
333 1702 362 1758 in
378 1703 491 1774 signum
507 1705 549 1761 illi
563 1707 718 1777 remiserat,
734 1706 819 1763 rerba
840 1705 1069 1800 m-Btunema
1090 1704 1231 1761 maenibus
1260 1705 1356 1775 jaciat,
1386 1720 1441 1774 qua
1466 1705 1541 1760 scala
1566 1707 1702 1762 innodata
1731 1707 1763 1763 in

59 1791 192 1861 terpretis
230 1790 335 1846 abhinc
368 1793 483 1848 credula
526 1811 583 1850 noa
615 1796 753 1866 refutavit,
784 1797 831 1852 scd
860 1796 884 1851 si
939 1791 1235 1858 moeniasublevetur,
1259 1808 1408 1863 perquam
1437 1793 1542 1848 milites
1574 1795 1761 1852 ascendentes

58 1878 884 1955 Boemuadusautsuisudassent,diligenterpercuntetus
938 1881 1176 1938 intromittantur.
1202 1882 1321 1945 Tuscus,
1352 1881 1427 1937 sicut
1455 1882 1613 1945 devoverat.
1652 1883 1759 1940 italam

56 1976 107 2022 ast.
122 1967 265 2039 interpres
275 1984 340 2025 sero
356 1969 749 2043 audiensquodtradilornon
765 1974 794 2030 in
817 1973 883 2030 dolo
938 1972 1006 2028 tunc
1020 1972 1158 2039 sublevat,
1178 1971 1254 2027 circa
1270 1970 1493 2026 moeaiatortiier
1508 1970 1615 2042 alligat,
1632 1980 1659 2027 et
1689 1973 1760 2029 suh·

55 2057 109 2113 sibi
126 2056 305 2127 loquebatur,
317 2058 475 2116 Boemundi
492 2061 597 2118 milites
609 2077 667 2118 non
683 2063 767 2134 tange
785 2065 884 2121 abesse

55 2144 218 2215 pratitetur,
233 2154 260 2201 et
272 2147 306 2201 ad
320 2149 413 2205 ornain
431 2157 552 2220 paratas,
567 2167 629 2222 quae
644 2167 678 2207 ex
691 2153 883 2222 ejusconsitio

58 2235 132 2291 inire
158 2235 274 2291 debent.
292 2235 345 2298 Oui
373 2252 421 2293 eos
449 2240 679 2312 appropinquare
706 2244 769 2298 sine
795 2241 883 2298 dubio

56 2329 105 2380 unt
120 2331 200 2380 metu
216 2336 390 2398 commonet,
416 2344 570 2401 murosque
591 2346 689 2388 secure
717 2333 881 2401 ascendere,

56 2429 107 2471 nec
123 2414 222 2485 aliqua
235 2429 313 2470 mora
329 2415 382 2470 hoc
395 2416 507 2474 ditierre
523 2426 636 2490 prepter
660 2419 744 2476 breve
759 2421 882 2491 spatium

56 2503 148 2559 noctis
164 2510 192 2558 ct
210 2503 301 2559 lucem
326 2504 382 2560 diei
412 2506 675 2578 appropinquantis.
705 2508 883 2565 sollicitabat

55 2592 139 2646 etiam
155 2607 206 2648 cos
221 2591 274 2649 hac
287 2594 410 2650 maritae
434 2596 468 2650 de
483 2610 578 2664 causa,
609 2613 645 2652 na
674 2604 769 2654 custos
786 2614 883 2654 nauro-

57 2696 131 2748 ruan,
148 2695 207 2736 sue
219 2680 288 2737 sicis
302 2682 333 2737 in
347 2683 460 2750 ordine,
477 2684 599 2741 iaculata
616 2685 646 2742 in
663 2702 749 2742 manu
776 2687 881 2753 terens,

937 2062 1026 2117 missa
1054 2076 1123 2117 roca
1165 2061 1341 2125 cantoriam,
1382 2065 1473 2115 moret
1503 2068 1531 2115 ut
1560 2060 1757 2117 indubitanter

936 2151 1100 2207 ascendant.
1118 2149 1175 2208 Nee
1191 2164 1281 2215 mora,
1295 2147 1383 2204 larice
1406 2157 1434 2203 et
1452 2147 1533 2220 gates
1560 2147 1664 2213 induti,
1693 2149 1756 2219 gla-

936 2237 982 2292 dio
996 2236 1129 2306 accincti,
1146 2235 1233 2290 hastis
1248 2234 1415 2300 innitentes,
1432 2241 1461 2289 et
1476 2248 1562 2289 manu
1588 2250 1619 2290 su
1640 2234 1755 2291 trahen-

937 2336 988 2398 tes,
1019 2328 1123 2384 scalam
1148 2329 1339 2385 ascenderunt
1368 2327 1420 2383 riri
1448 2327 1581 2395 audaces,
1610 2341 1681 2398 quos
1708 2327 1759 2384 alii

936 2419 1140 2488 subsequentes
1156 2417 1185 2472 in
1201 2416 1288 2471 dubia
1303 2431 1353 2486 spa
1367 2416 1490 2484 risendi,
1514 2415 1574 2485 jam
1596 2415 1630 2471 ad
1658 2414 1760 2486 viginti

936 2507 1062 2577 quinque
1077 2505 1200 2562 immissi
1216 2509 1295 2561 sunt.
1315 2506 1362 2560 ttis
1377 2505 1557 2572 immissis,et
1577 2503 1760 2560 nimiositsn·

936 2594 975 2650 tin
987 2592 1432 2665 conquiescentibus,contraires
1439 2593 1520 2662 juata
1530 2607 1626 2648 muros
1638 2591 1760 2648 eristen·

936 2690 988 2751 tes,
1018 2692 1045 2740 et
1073 2690 1205 2741 creatum
1236 2683 1276 2738 rei
1305 2688 1501 2753 expectantes,
1527 2682 1575 2737 sed
1611 2680 1759 2737 neminem

53 2770 161 2827 muenia
177 2772 258 2827 urbis
274 2787 370 2828 mutus
385 2784 412 2829 et
428 2780 520 2830 turres
535 2777 716 2846 perlustrans
737 2778 770 2832 ad
787 2779 882 2849 pravi·
935 2773 1094 2840 audientes,
1111 2772 1185 2828 airas
1205 2772 1347 2827 immissos
1355 2771 1502 2840 jngalatos
1516 2774 1545 2825 ci
1560 2771 1590 2825 in
1607 2770 1662 2826 lade
1689 2769 1760 2826 ialse

55 2861 194 2928 dandam,
210 2862 399 2918 ascendentes
412 2864 582 2936 propalaret,
599 2867 695 2937 sicque
710 2867 738 2922 ia
755 2866 882 2937 periculo
935 2860 1028 2916 subito
1045 2861 1195 2917 suttocatos
1210 2859 1411 2915 existimabant
1427 2876 1434 2914 τ
1451 2861 1525 2915 unde
1553 2860 1707 2916 escendere
1731 2866 1759 2916 el

55 2951 119 3006 rite
136 2965 206 3014 suas,
222 2951 428 3022 expergefactis
445 2952 584 3021 hostibus,
602 2954 783 3012 haberentur.
935 2949 1068 3022 subsequi
1084 2947 1274 3006 retardabant.

54 3055 121 3111 Can.
137 3055 233 3113 xviii.
247 3087 281 3099 -
298 3056 468 3128 Godciridus
481 3068 507 3115 et
520 3061 649 3117 liebertus
664 3062 762 3118 etcelos
787 3065 817 3116 in
832 3063 881 3118 hoc
895 3096 917 3164 c
936 3058 999 3116 cra.
1013 3058 1078 3112 XX.
1089 3085 1124 3096 -
1135 3055 1335 3126 Scalndirupta
1349 3053 1478 3109 nonnulli
1506 3053 1650 3124 perierunt
1668 3073 1676 3119 i
1708 3051 1759 3108 sed

1043 3127 1131 3183 denuo
1143 3135 1278 3198 reparato
1293 3126 1460 3196 fiducialiter
1472 3123 1636 3179 ascendunt.

971 3216 1076 3273 Milites
1090 3231 1155 3272 vera
1170 3214 1304 3282 immissi,
1334 3212 1528 3285 intelligentes
1558 3214 1632 3284 quod
1662 3212 1756 3268 melos

86 3127 260 3254 qqlqonqrqe
277 3128 402 3200 primum
421 3148 569 3187 murorum
581 3148 726 3188 ascensum
737 3134 878 3191 horreant.

144 3214 177 3254 or
190 3215 226 3254 on
239 3216 285 3254 ur.

88 3305 246 3376 taterprns,
261 3307 358 3363 audito
374 3308 426 3365 hoo
442 3307 563 3365 consitio
580 3309 732 3375 traditoris,
747 3310 781 3365 ad
799 3310 879 3380 prin·
934 3306 1110 3362 Christianos
1124 3306 1194 3361 adso
1210 3303 1455 3372 timarinraserat,
1472 3308 1503 3356 ut
1517 3317 1547 3358 se
1563 3300 1756 3358 subtrahendo

57 3393 136 3465 cipes
164 3395 195 3450 in
224 3396 370 3453 montanis
392 3397 507 3454 relictas
544 3398 629 3455 ceteri
668 3400 880 3472 gressutendit¹
935 3395 1041 3452 ascale
1055 3395 1178 3462 abirent,
1191 3402 1267 3449 treas
1283 3387 1424 3449 moeniaa
1453 3405 1534 3447 muro
1560 3406 1590 3446 se
1613 3389 1756 3446 inclinan-

56 3484 155 3540 omnis
187 3499 248 3556 que
264 3485 392 3541 audierat
407 3487 542 3556 reterens,
572 3496 599 3544 et
626 3487 809 3545 vehementer
835 3505 883 3545 ees
937 3481 1536 3551 tes,submissavocesaeiossscendentes
1558 3479 1757 3548 hortabantur,

57 3573 224 3630 sollicitans
239 3582 267 3629 ut
297 3590 367 3646 quos
391 3576 481 3634 veiint
494 3577 660 3634 audaciores
689 3579 807 3650 eligant,
835 3578 885 3651 qut
936 3582 1093 3631 asserentes
1104 3590 1135 3629 se
1150 3574 1221 3630 nihil
1237 3572 1298 3628 illic
1321 3571 1440 3642 periculi
1464 3585 1610 3641 passuros.
1637 3570 1670 3625 tlt
1699 3569 1760 3624 tra-

59 3661 121 3719 siae
138 3662 354 3720 intermissione
370 3680 468 3720 muros
497 3666 683 3723 ascendentes
711 3667 818 3725 civitati
833 3667 885 3723 im·
938 3672 1012 3720 trum
1027 3663 1201 3719 veeeaudita
1216 3661 1310 3718 adhuc
1326 3661 1494 3729 virentium,
1508 3659 1655 3716 certabant
1675 3657 1759 3714 rebe·

61 3751 223 3808 mittautur.
234 3752 374 3808 Continuo
388 3753 439 3809 riri
454 3754 537 3811 electi
554 3756 669 3810 suntad
686 3759 884 3813 ascensionem
937 3753 1028 3810 menti
1045 3753 1138 3808 studio
1153 3749 1258 3808 scalam
1274 3749 1427 3807 escendere
1455 3756 1483 3804 et
1514 3748 1613 3804 urbem
1638 3747 1757 3814 intrare,

60 3855 210 3897 murorum
227 3863 235 3908 ;
250 3842 298 3897 sed
314 3848 390 3898 metu
405 3848 432 3898 et
447 3843 590 3900 dubietate
605 3845 690 3901 corde
705 3861 802 3901 aarum
818 3861 885 3902 con·
938 3846 1029 3901 donee
1044 3860 1100 3913 prae
1116 3841 1205 3897 nimia
1220 3854 1350 3911 pressura
1365 3848 1391 3895 at
1407 3839 1542 3910 paudere,
1564 3837 1671 3892 ruoanie
1683 3834 1757 3891 snti-

61 3937 238 3999 cuasasunt,
267 3930 433 4003 singulique
450 3931 611 3991 hesitantes
625 3935 660 3990 ds
675 3937 886 4007 primaingres-
938 3932 1212 4006 quaetinvaterata,
1241 3928 1387 3984 dissolutis
1415 3928 1490 3982 saris
1513 3940 1578 3982 cum
1609 3930 1758 3990 cemento,

61 4020 142 4076 sione
156 4027 185 4075 et
200 4021 368 4076 ascensione
385 4034 530 4076 murorum
550 4021 706 4091 plurimum
723 4023 887 4078 reniteban-
939 4013 1489 4085 scissasuntetdirula,sicquescats,
1524 4009 1680 4067 retinaculo
1710 4025 1761 4065 cs·

61 4115 114 4163 tar.
146 4107 319 4164 Godetridus
347 4124 411 4165 vero
437 4110 495 4165 dux
518 4118 545 4164 et
569 4108 719 4176 Rohertns,
749 4111 823 4166 riros
846 4112 887 4167 siu
940 4120 1144 4176 rens,prorsus
1159 4102 1241 4159 humi
1256 4101 1364 4159 cerruit
1378 4115 1443 4157 cum
1460 4099 1527 4155 airis
1550 4098 1645 4156 adhuc
1673 4098 1704 4154 tu
1727 4112 1760 4154 ea

62 4198 192 4254 ridentes
206 4199 516 4269 expavescerenecqut
532 4200 725 4269 praecederent
740 4200 888 4257 invenieu·
940 4194 1171 4253 consistentibus.
1189 4193 1278 4249 Erant
1299 4194 1395 4246 autem
1413 4189 1493 4259 iuxta
1520 4204 1617 4245 maras
1645 4187 1761 4244 lancea·

63 4293 112 4353 tes,
137 4302 172 4343 en
204 4288 276 4358 quad
304 4287 473 4344 dittidebant
503 4290 538 4345 de
568 4289 758 4360 promissione
790 4290 887 4358 Turei,
941 4300 1004 4342 rum
1022 4278 1552 4353 hastepositeetereclae,inquibus
1579 4276 1686 4334 confixi
1715 4276 1764 4348 qui

62 4374 122 4432 hee
155 4375 389 4434 machinamenta
416 4378 516 4435 dotum
552 4377 733 4444 arbitrantes,
764 4379 887 4436 nimium
941 4370 1295 4440 corruerant,atiiasaris
1308 4371 1343 4427 de
1358 4384 1439 4425 muro
1454 4367 1622 4425 cadentibus
1636 4364 1767 4438 oppressi

62 4464 162 4535 spiritu
181 4463 400 4538 intremuerunt,
416 4466 458 4523 sic
480 4467 627 4523 universos
655 4467 794 4525 solamine
821 4468 888 4525 reti-
903 4460 927 4522 D
942 4472 968 4520 et
984 4463 1143 4520 semineces
1157 4458 1330 4530 tacti,atiqui
1346 4457 1450 4514 mortui
1465 4465 1541 4514 sunt.
1555 4456 1634 4522 Quod
1646 4455 1768 4510 muttum

62 4557 171 4611 cientes
189 4571 196 4610 :
214 4574 228 4606 a
244 4554 416 4613 Mementote
432 4557 461 4613 in
478 4558 560 4627 cujus
576 4557 693 4614 nemine
722 4576 737 4613 a
767 4566 838 4614 terra
862 4565 891 4614 et

62 4641 233 4710 cognatione
248 4650 340 4699 restra
353 4643 475 4711 exiistis,
492 4653 517 4700 et
534 4647 675 4714 quomodo
691 4655 808 4703 terreae
827 4647 890 4703 vite

67 4730 303 4801 abrenuntiastis,
324 4733 547 4804 nuttaperieuta
576 4735 676 4791 mortis
704 4752 753 4806 pra
780 4735 891 4792 Christo

64 4822 134 4879 inira
150 4827 324 4879 metuentes.
341 4821 400 4880 Nec
416 4838 508 4891 mora,
524 4825 639 4880 credere
655 4825 763 4881 debetis
781 4824 891 4881 scilicet

65 4908 187 4968 laticiter
201 4924 268 4966 cam
285 4910 397 4967 Christo
412 4912 515 4979 virere,
529 4911 650 4985 ideoque
665 4912 726 4983 ejus
746 4914 835 4984 gratia
864 4921 892 4969 et

67 5013 172 5068 amora,
191 5013 368 5070 quecunque
384 5000 561 5057 occurrerint
576 5000 606 5056 ia
623 5000 667 5056 via
681 5001 751 5067 hec,
768 5017 848 5074 ecquo
863 5005 892 5058 et

66 5084 161 5145 libenti
185 5087 285 5144 animo
306 5087 462 5159 suscipere.
492 5090 552 5158 Eia,
581 5089 761 5147 dilectissimi
789 5091 892 5147 Christi

66 5177 180 5248 milites,
197 5193 255 5234 nun
272 5193 323 5247 pro
342 5184 453 5234 terrena
467 5179 700 5237 remuneratione
717 5180 893 5252 hespericu-

69 5265 124 5322 tnm
140 5265 301 5338 incurritis,
317 5266 366 5322 sed
386 5266 463 5323 itlius
489 5269 622 5325 meritum
651 5268 816 5340 expectatis,
846 5267 893 5340 qui

12 5374 16 5433 q
69 5359 263 5425 postmortem
279 5361 453 5426 presentem
470 5363 582 5412 aternus
604 5356 667 5412 vita
694 5358 810 5427 premia
834 5358 895 5416 suis

68 5444 196 5502 conterre
221 5441 313 5502 norit.
343 5443 415 5499 tdori
445 5443 523 5499 enim
554 5444 692 5503 habemus
721 5462 895 5519 quocunque

71 5537 162 5595 uado.
179 5534 247 5592 Jem
262 5533 378 5607 quidem
402 5535 450 5591 tua
480 5535 618 5593 matutine
647 5536 703 5593 diei
733 5536 896 5595 manitestai

203 5654 341 5716 Parnon.
363 5653 491 5716 unxit.

945 4553 1067 4626 populus
1095 4551 1145 4607 Dei
1170 4548 1326 4616 inhorruit,
1349 4547 1514 4604 existimans
1542 4545 1640 4602 omnia
1661 4542 1722 4598 haec
1736 4541 1768 4597 in

944 4641 1010 4699 duta
1023 4639 1150 4695 diercis
1163 4635 1329 4707 contigisse,
1346 4640 1375 4692 et
1390 4650 1469 4692 nunc
1482 4633 1631 4689 universos
1655 4628 1769 4687 immis-

945 4747 991 4786 sus
1005 4728 1088 4800 pulsu
1102 4725 1190 4782 dubio
1202 4725 1299 4796 inique
1309 4727 1403 4780 merle
1413 4723 1576 4793 deperiisse.
1593 4719 1656 4776 Non
1667 4732 1767 4784 sonus,

946 4835 1003 4876 nou
1017 4819 1108 4888 tragos
1120 4815 1235 4888 aliquis,
1252 4814 1320 4871 licet
1348 4831 1365 4868 a
1393 4810 1593 4869 corruentibus
1618 4815 1645 4865 et
1664 4806 1761 4863 intiris

947 4909 1086 4965 maximus
1097 4905 1245 4970 exstilerit,
1261 4905 1290 4958 in
1303 4903 1371 4959 urbe
1385 4909 1433 4957 aut
1448 4903 1478 4956 tn
1494 4899 1638 4955 aroenibus
1652 4904 1696 4953 est
1718 4910 1770 4952 an·

945 5000 1031 5056 ditus.
1049 4995 1189 5054 Dominus
1207 4993 1289 5049 enim
1304 4991 1379 5047 Deus
1395 4996 1510 5046 ventum
1536 4987 1629 5043 aalide
1658 4986 1769 5058 spiran-

946 5097 1003 5146 tem
1033 5088 1087 5144 hac
1114 5082 1259 5142 suscitarit
1288 5087 1382 5137 noete.
1420 5080 1529 5136 Tereus
1557 5077 1654 5145 tidem,
1683 5089 1770 5148 qaam

947 5174 1158 5236 baemuadoin
1174 5170 1251 5227 urbis
1278 5168 1430 5224 traditione
1457 5167 1616 5236 devorarat,
1642 5179 1769 5228 servans,

948 5269 1046 5325 tunam
1063 5266 1163 5320 iterato
1176 5260 1210 5314 ad
1225 5257 1403 5314 relevandam
1427 5256 1533 5314 scalam
1554 5254 1679 5311 dimittit.
1710 5254 1770 5318 Oua

948 5368 1046 5411 rursus
1061 5348 1168 5406 rnoente
1182 5346 1297 5403 tortiora
1314 5347 1342 5402 in
1358 5347 1458 5403 eodem
1484 5345 1547 5401 loco
1576 5343 1770 5399 circumdans.

949 5441 1090 5501 desolatos
1119 5445 1148 5494 et
1174 5436 1337 5509 perterritos
1365 5452 1414 5506 per
1441 5435 1624 5506 interpretem
1646 5438 1770 5489 revocat.

949 5542 1160 5600 ascensumque
1175 5530 1300 5598 repetere
1311 5525 1458 5582 universos
1475 5523 1598 5581 fideliter
1627 5523 1772 5591 admonet,

1593 5642 1631 5704 te
