<?xml version="1.0" encoding="UTF-8"?>
<!DOCTYPE html PUBLIC "-//W3C//DTD XHTML 1.0 Transitional//EN"
    "http://www.w3.org/TR/xhtml1/DTD/xhtml1-transitional.dtd">
<html xmlns="http://www.w3.org/1999/xhtml" xml:lang="en" lang="en">
 <head>
  <title>
</title>
<meta http-equiv="Content-Type" content="text/html;charset=utf-8" />
  <meta name='ocr-system' content='tesseract 3.04.00' />
  <meta name='ocr-capabilities' content='ocr_page ocr_carea ocr_par ocr_line ocrx_word'/>
</head>
<body>
  <div class='ocr_page' id='page_1' title='image "./patrologiaecurs11goog_0726.png"; bbox 0 0 3796 6000; ppageno 0'>
   <div class='ocr_carea' id='block_1_1' title="bbox 45 237 121 297">
    <p class='ocr_par' dir='ltr' id='par_1_1' title="bbox 45 237 121 297">
     <span class='ocr_line' id='line_1_1' title="bbox 45 237 121 297; baseline 0 0"><span class='ocrx_word' id='word_1_1' title='bbox 45 237 121 297; x_wconf 76' lang='lat' dir='ltr'><strong>llll</strong></span> 
     </span>
    </p>
   </div>
   <div class='ocr_carea' id='block_1_2' title="bbox 44 365 874 1416">
    <p class='ocr_par' dir='ltr' id='par_1_2' title="bbox 44 365 874 1416">
     <span class='ocr_line' id='line_1_2' title="bbox 331 365 572 422; baseline 0 0"><span class='ocrx_word' id='word_1_2' title='bbox 331 365 447 422; x_wconf 82' lang='lat' dir='ltr'>CAPUT</span> <span class='ocrx_word' id='word_1_3' title='bbox 463 365 547 421; x_wconf 80' lang='lat' dir='ltr'><strong>axvi</strong></span> <span class='ocrx_word' id='word_1_4' title='bbox 565 382 572 422; x_wconf 75' lang='grc' dir='ltr'><strong>ι</strong></span> 
     </span>
     <span class='ocr_line' id='line_1_3' title="bbox 44 453 870 530; baseline -0.006 -15"><span class='ocrx_word' id='word_1_5' title='bbox 44 459 158 530; x_wconf 78' lang='lat' dir='ltr'><strong><em>Quando</em></strong></span> <span class='ocrx_word' id='word_1_6' title='bbox 170 458 285 514; x_wconf 81' lang='lat' dir='ltr'><strong>debeant</strong></span> <span class='ocrx_word' id='word_1_7' title='bbox 293 458 392 524; x_wconf 75' lang='lat' dir='ltr'><strong>iratres</strong></span> <span class='ocrx_word' id='word_1_8' title='bbox 402 457 438 513; x_wconf 86' lang='lat' dir='ltr'><strong>ud</strong></span> <span class='ocrx_word' id='word_1_9' title='bbox 447 473 541 526; x_wconf 81' lang='lat' dir='ltr'><strong><em>pacem</em></strong></span> <span class='ocrx_word' id='word_1_10' title='bbox 553 459 579 511; x_wconf 87' lang='lat' dir='ltr'><strong>el</strong></span> <span class='ocrx_word' id='word_1_11' title='bbox 588 453 808 512; x_wconf 86' lang='lat' dir='ltr'><strong>communionem</strong></span> <span class='ocrx_word' id='word_1_12' title='bbox 818 456 870 510; x_wconf 89' lang='lat' dir='ltr'><strong>ire.</strong></span> 
     </span>
     <span class='ocr_line' id='line_1_4' title="bbox 83 543 871 617; baseline -0.01 -11"><span class='ocrx_word' id='word_1_13' title='bbox 83 552 115 606; x_wconf 93' lang='lat' dir='ltr'><strong>ln</strong></span> <span class='ocrx_word' id='word_1_14' title='bbox 134 549 180 605; x_wconf 92' lang='lat' dir='ltr'><strong>die</strong></span> <span class='ocrx_word' id='word_1_15' title='bbox 195 546 362 604; x_wconf 86' lang='lat' dir='ltr'><strong>Nativitatia</strong></span> <span class='ocrx_word' id='word_1_16' title='bbox 377 545 502 617; x_wconf 91' lang='lat' dir='ltr'><strong>Domini,</strong></span> <span class='ocrx_word' id='word_1_17' title='bbox 519 545 623 615; x_wconf 81' lang='lat' dir='ltr'><strong>Coenm,</strong></span> <span class='ocrx_word' id='word_1_18' title='bbox 640 543 871 615; x_wconf 79' lang='lat' dir='ltr'><strong>Pssabae,Pente·</strong></span> 
     </span>
     <span class='ocr_line' id='line_1_5' title="bbox 46 634 873 711; baseline -0.011 -13"><span class='ocrx_word' id='word_1_19' title='bbox 46 647 154 708; x_wconf 87' lang='lat' dir='ltr'><strong>costes,</strong></span> <span class='ocrx_word' id='word_1_20' title='bbox 171 640 278 696; x_wconf 86' lang='lat' dir='ltr'><strong>debent</strong></span> <span class='ocrx_word' id='word_1_21' title='bbox 293 638 398 695; x_wconf 85' lang='lat' dir='ltr'><strong>fratres</strong></span> <span class='ocrx_word' id='word_1_22' title='bbox 413 653 514 711; x_wconf 87' lang='lat' dir='ltr'><strong>pacem</strong></span> <span class='ocrx_word' id='word_1_23' title='bbox 526 654 644 695; x_wconf 89' lang='lat' dir='ltr'><strong>sumere</strong></span> <span class='ocrx_word' id='word_1_24' title='bbox 660 640 689 694; x_wconf 89' lang='lat' dir='ltr'><strong>et</strong></span> <span class='ocrx_word' id='word_1_25' title='bbox 704 634 873 694; x_wconf 91' lang='lat' dir='ltr'><strong>communi-</strong></span> 
     </span>
     <span class='ocr_line' id='line_1_6' title="bbox 47 725 874 800; baseline -0.012 -10"><span class='ocrx_word' id='word_1_26' title='bbox 47 748 127 800; x_wconf 87' lang='lat' dir='ltr'><strong>care,</strong></span> <span class='ocrx_word' id='word_1_27' title='bbox 142 730 221 786; x_wconf 90' lang='lat' dir='ltr'><strong>omni</strong></span> <span class='ocrx_word' id='word_1_28' title='bbox 239 729 392 786; x_wconf 70' lang='lat' dir='ltr'><strong>occasione</strong></span> <span class='ocrx_word' id='word_1_29' title='bbox 407 733 529 794; x_wconf 85' lang='lat' dir='ltr'><strong>remota,</strong></span> <span class='ocrx_word' id='word_1_30' title='bbox 546 728 602 785; x_wconf 89' lang='lat' dir='ltr'><strong>nisi</strong></span> <span class='ocrx_word' id='word_1_31' title='bbox 617 728 692 784; x_wconf 84' lang='lat' dir='ltr'><strong>torte</strong></span> <span class='ocrx_word' id='word_1_32' title='bbox 715 728 808 783; x_wconf 87' lang='lat' dir='ltr'><strong>abbas</strong></span> <span class='ocrx_word' id='word_1_33' title='bbox 822 725 874 781; x_wconf 89' lang='lat' dir='ltr'><strong>ali·</strong></span> 
     </span>
     <span class='ocr_line' id='line_1_7' title="bbox 48 816 873 895; baseline -0.007 -17"><span class='ocrx_word' id='word_1_34' title='bbox 48 838 136 895; x_wconf 92' lang='lat' dir='ltr'><strong>quem</strong></span> <span class='ocrx_word' id='word_1_35' title='bbox 149 819 339 894; x_wconf 80' lang='lat' dir='ltr'><strong>prohibuerit.</strong></span> <span class='ocrx_word' id='word_1_36' title='bbox 356 819 501 875; x_wconf 77' lang='lat' dir='ltr'><strong>Omnibus</strong></span> <span class='ocrx_word' id='word_1_37' title='bbox 516 834 583 874; x_wconf 88' lang='lat' dir='ltr'><strong>vero</strong></span> <span class='ocrx_word' id='word_1_38' title='bbox 595 816 753 874; x_wconf 79' lang='lat' dir='ltr'><strong>Dominicis</strong></span> <span class='ocrx_word' id='word_1_39' title='bbox 769 816 873 872; x_wconf 82' lang='lat' dir='ltr'><strong>diebus</strong></span> 
     </span>
     <span class='ocr_line' id='line_1_8' title="bbox 46 907 874 982; baseline -0.008 -13"><span class='ocrx_word' id='word_1_40' title='bbox 46 909 247 970; x_wconf 89' lang='lat' dir='ltr'><strong>communicet</strong></span> <span class='ocrx_word' id='word_1_41' title='bbox 261 911 311 982; x_wconf 89' lang='lat' dir='ltr'><strong>qui</strong></span> <span class='ocrx_word' id='word_1_42' title='bbox 321 908 624 982; x_wconf 75' lang='lat' dir='ltr'><strong>potueritsacordates</strong></span> <span class='ocrx_word' id='word_1_43' title='bbox 641 907 806 979; x_wconf 87' lang='lat' dir='ltr'><strong>tamen,qui</strong></span> <span class='ocrx_word' id='word_1_44' title='bbox 822 922 874 978; x_wconf 90' lang='lat' dir='ltr'><strong>per</strong></span> 
     </span>
     <span class='ocr_line' id='line_1_9' title="bbox 47 999 873 1076; baseline -0.008 -16"><span class='ocrx_word' id='word_1_45' title='bbox 47 1005 246 1076; x_wconf 86' lang='lat' dir='ltr'><strong>septimanam</strong></span> <span class='ocrx_word' id='word_1_46' title='bbox 263 1006 393 1066; x_wconf 86' lang='lat' dir='ltr'><strong>cantant,</strong></span> <span class='ocrx_word' id='word_1_47' title='bbox 409 1001 432 1056; x_wconf 88' lang='lat' dir='ltr'><strong>si</strong></span> <span class='ocrx_word' id='word_1_48' title='bbox 447 1001 494 1056; x_wconf 88' lang='lat' dir='ltr'><strong>die</strong></span> <span class='ocrx_word' id='word_1_49' title='bbox 510 999 658 1056; x_wconf 88' lang='lat' dir='ltr'><strong>Dominico</strong></span> <span class='ocrx_word' id='word_1_50' title='bbox 674 1015 731 1055; x_wconf 91' lang='lat' dir='ltr'><strong>non</strong></span> <span class='ocrx_word' id='word_1_51' title='bbox 743 1002 873 1066; x_wconf 87' lang='lat' dir='ltr'><strong>cuntant,</strong></span> 
     </span>
     <span class='ocr_line' id='line_1_10' title="bbox 47 1087 874 1165; baseline -0.012 -12"><span class='ocrx_word' id='word_1_52' title='bbox 47 1094 80 1153; x_wconf 88' lang='lat' dir='ltr'><strong>in</strong></span> <span class='ocrx_word' id='word_1_53' title='bbox 95 1109 194 1150; x_wconf 83' lang='lat' dir='ltr'><strong>eoram</strong></span> <span class='ocrx_word' id='word_1_54' title='bbox 211 1093 252 1148; x_wconf 89' lang='lat' dir='ltr'><strong>sil</strong></span> <span class='ocrx_word' id='word_1_55' title='bbox 266 1095 410 1165; x_wconf 86' lang='lat' dir='ltr'><strong>potestate</strong></span> <span class='ocrx_word' id='word_1_56' title='bbox 423 1089 642 1147; x_wconf 87' lang='lat' dir='ltr'><strong>communicare</strong></span> <span class='ocrx_word' id='word_1_57' title='bbox 652 1087 699 1144; x_wconf 90' lang='lat' dir='ltr'><strong>vel</strong></span> <span class='ocrx_word' id='word_1_58' title='bbox 714 1087 874 1145; x_wconf 78' lang='lat' dir='ltr'><strong>nomcnete·</strong></span> 
     </span>
     <span class='ocr_line' id='line_1_11' title="bbox 47 1176 874 1252; baseline -0.013 -9"><span class='ocrx_word' id='word_1_59' title='bbox 47 1184 92 1243; x_wconf 87' lang='lat' dir='ltr'><strong>ris</strong></span> <span class='ocrx_word' id='word_1_60' title='bbox 105 1200 170 1240; x_wconf 81' lang='lat' dir='ltr'><strong>vero</strong></span> <span class='ocrx_word' id='word_1_61' title='bbox 182 1182 285 1238; x_wconf 82' lang='lat' dir='ltr'><strong>vitabas</strong></span> <span class='ocrx_word' id='word_1_62' title='bbox 305 1180 355 1252; x_wconf 92' lang='lat' dir='ltr'><strong>qui</strong></span> <span class='ocrx_word' id='word_1_63' title='bbox 371 1181 443 1236; x_wconf 88' lang='lat' dir='ltr'><strong>torte</strong></span> <span class='ocrx_word' id='word_1_64' title='bbox 459 1179 608 1234; x_wconf 88' lang='lat' dir='ltr'><strong>Dominica</strong></span> <span class='ocrx_word' id='word_1_65' title='bbox 631 1195 689 1235; x_wconf 95' lang='lat' dir='ltr'><strong>non</strong></span> <span class='ocrx_word' id='word_1_66' title='bbox 701 1176 874 1235; x_wconf 84' lang='lat' dir='ltr'><strong>&#39;communi-</strong></span> 
     </span>
     <span class='ocr_line' id='line_1_12' title="bbox 49 1267 718 1345; baseline -0.012 -12"><span class='ocrx_word' id='word_1_67' title='bbox 49 1273 169 1340; x_wconf 82' lang='lat' dir='ltr'><strong>caverit,</strong></span> <span class='ocrx_word' id='word_1_68' title='bbox 186 1271 292 1345; x_wconf 89' lang='lat' dir='ltr'><strong>poterit</strong></span> <span class='ocrx_word' id='word_1_69' title='bbox 305 1268 526 1326; x_wconf 84' lang='lat' dir='ltr'><strong>communicare</strong></span> <span class='ocrx_word' id='word_1_70' title='bbox 542 1267 567 1324; x_wconf 92' lang='lat' dir='ltr'><strong>ei</strong></span> <span class='ocrx_word' id='word_1_71' title='bbox 582 1267 718 1326; x_wconf 87' lang='lat' dir='ltr'><strong>voluerit.</strong></span> 
     </span>
     <span class='ocr_line' id='line_1_13' title="bbox 335 1357 588 1416; baseline -0.024 0"><span class='ocrx_word' id='word_1_72' title='bbox 335 1357 453 1416; x_wconf 76' lang='lat' dir='ltr'>CAPUT</span> <span class='ocrx_word' id='word_1_73' title='bbox 477 1357 588 1414; x_wconf 81' lang='lat' dir='ltr'><strong>axvss.</strong></span> 
     </span>
    </p>
   </div>
   <div class='ocr_carea' id='block_1_3' title="bbox 50 1444 874 1588">
    <p class='ocr_par' dir='ltr' id='par_1_3' title="bbox 50 1444 874 1588">
     <span class='ocr_line' id='line_1_14' title="bbox 50 1444 874 1528; baseline -0.012 -18"><span class='ocrx_word' id='word_1_74' title='bbox 50 1454 157 1528; x_wconf 85' lang='lat' dir='ltr'><strong>Quibus</strong></span> <span class='ocrx_word' id='word_1_75' title='bbox 171 1451 268 1507; x_wconf 73' lang='lat' dir='ltr'><strong>dubus</strong></span> <span class='ocrx_word' id='word_1_76' title='bbox 281 1448 398 1504; x_wconf 82' lang='lat' dir='ltr'><strong>ardeant</strong></span> <span class='ocrx_word' id='word_1_77' title='bbox 411 1454 469 1503; x_wconf 85' lang='lat' dir='ltr'><strong>lrer</strong></span> <span class='ocrx_word' id='word_1_78' title='bbox 483 1446 633 1518; x_wconf 85' lang='lat' dir='ltr'><strong>lampades,</strong></span> <span class='ocrx_word' id='word_1_79' title='bbox 656 1449 681 1502; x_wconf 87' lang='lat' dir='ltr'><strong>et</strong></span> <span class='ocrx_word' id='word_1_80' title='bbox 700 1444 798 1519; x_wconf 79' lang='lat' dir='ltr'><strong>quibus</strong></span> <span class='ocrx_word' id='word_1_81' title='bbox 822 1445 874 1500; x_wconf 84' lang='lat' dir='ltr'><strong>lia·</strong></span> 
     </span>
     <span class='ocr_line' id='line_1_15' title="bbox 223 1515 699 1588; baseline -0.011 -9"><span class='ocrx_word' id='word_1_82' title='bbox 223 1522 341 1579; x_wconf 86' lang='lat' dir='ltr'><strong>leuatur</strong></span> <span class='ocrx_word' id='word_1_83' title='bbox 357 1535 495 1576; x_wconf 77' lang='lat' dir='ltr'><strong>sermonen</strong></span> <span class='ocrx_word' id='word_1_84' title='bbox 512 1519 542 1574; x_wconf 87' lang='lat' dir='ltr'><strong>in</strong></span> <span class='ocrx_word' id='word_1_85' title='bbox 556 1515 699 1588; x_wconf 88' lang='lat' dir='ltr'><strong>capitulo.</strong></span> 
     </span>
    </p>
   </div>
   <div class='ocr_carea' id='block_1_4' title="bbox 53 1606 884 3034">
    <p class='ocr_par' dir='ltr' id='par_1_4' title="bbox 53 1606 884 3034">
     <span class='ocr_line' id='line_1_16' title="bbox 92 1606 874 1687; baseline -0.017 -14"><span class='ocrx_word' id='word_1_86' title='bbox 92 1613 254 1687; x_wconf 82' lang='lat' dir='ltr'><strong>Lampadas</strong></span> <span class='ocrx_word' id='word_1_87' title='bbox 271 1627 327 1667; x_wconf 91' lang='lat' dir='ltr'><strong>non</strong></span> <span class='ocrx_word' id='word_1_88' title='bbox 338 1610 503 1667; x_wconf 89' lang='lat' dir='ltr'><strong>habeantur</strong></span> <span class='ocrx_word' id='word_1_89' title='bbox 512 1608 543 1665; x_wconf 89' lang='lat' dir='ltr'><strong>ia</strong></span> <span class='ocrx_word' id='word_1_90' title='bbox 555 1607 690 1666; x_wconf 88' lang='lat' dir='ltr'><strong>oratoriis</strong></span> <span class='ocrx_word' id='word_1_91' title='bbox 704 1606 779 1663; x_wconf 90' lang='lat' dir='ltr'><strong>ullra</strong></span> <span class='ocrx_word' id='word_1_92' title='bbox 789 1606 874 1678; x_wconf 92' lang='lat' dir='ltr'><strong>quin·</strong></span> 
     </span>
     <span class='ocr_line' id='line_1_17' title="bbox 58 1695 875 1779; baseline -0.017 -17"><span class='ocrx_word' id='word_1_93' title='bbox 58 1722 127 1779; x_wconf 88' lang='lat' dir='ltr'><strong>que,</strong></span> <span class='ocrx_word' id='word_1_94' title='bbox 142 1720 176 1759; x_wconf 81' lang='lat' dir='ltr'><strong>ea</strong></span> <span class='ocrx_word' id='word_1_95' title='bbox 192 1700 300 1774; x_wconf 89' lang='lat' dir='ltr'><strong>quibus</strong></span> <span class='ocrx_word' id='word_1_96' title='bbox 314 1715 374 1755; x_wconf 86' lang='lat' dir='ltr'><strong>uns</strong></span> <span class='ocrx_word' id='word_1_97' title='bbox 385 1703 512 1770; x_wconf 88' lang='lat' dir='ltr'><strong>ponatur</strong></span> <span class='ocrx_word' id='word_1_98' title='bbox 526 1697 562 1753; x_wconf 90' lang='lat' dir='ltr'><strong>ad</strong></span> <span class='ocrx_word' id='word_1_99' title='bbox 577 1697 701 1771; x_wconf 81' lang='lat' dir='ltr'><strong>gradum</strong></span> <span class='ocrx_word' id='word_1_100' title='bbox 728 1695 875 1767; x_wconf 79' lang='lat' dir='ltr'><strong>presbyte-</strong></span> 
     </span>
     <span class='ocr_line' id='line_1_18' title="bbox 57 1781 875 1862; baseline -0.013 -13"><span class='ocrx_word' id='word_1_101' title='bbox 57 1795 104 1862; x_wconf 91' lang='lat' dir='ltr'><strong>rii,</strong></span> <span class='ocrx_word' id='word_1_102' title='bbox 120 1794 211 1848; x_wconf 91' lang='lat' dir='ltr'><strong>alters</strong></span> <span class='ocrx_word' id='word_1_103' title='bbox 226 1791 255 1845; x_wconf 91' lang='lat' dir='ltr'><strong>in</strong></span> <span class='ocrx_word' id='word_1_104' title='bbox 290 1787 386 1844; x_wconf 86' lang='lat' dir='ltr'><strong>medio</strong></span> <span class='ocrx_word' id='word_1_105' title='bbox 411 1786 504 1850; x_wconf 88' lang='lat' dir='ltr'><strong>chori,</strong></span> <span class='ocrx_word' id='word_1_106' title='bbox 530 1786 615 1842; x_wconf 88' lang='lat' dir='ltr'><strong>tertia</strong></span> <span class='ocrx_word' id='word_1_107' title='bbox 638 1783 667 1841; x_wconf 95' lang='lat' dir='ltr'><strong>in</strong></span> <span class='ocrx_word' id='word_1_108' title='bbox 684 1781 875 1840; x_wconf 89' lang='lat' dir='ltr'><strong>retrochoro.</strong></span> 
     </span>
     <span class='ocr_line' id='line_1_19' title="bbox 53 1873 880 1950; baseline -0.015 -10"><span class='ocrx_word' id='word_1_109' title='bbox 53 1883 123 1949; x_wconf 81' lang='lat' dir='ltr'><strong>Dua</strong></span> <span class='ocrx_word' id='word_1_110' title='bbox 138 1887 198 1938; x_wconf 90' lang='lat' dir='ltr'><strong>tres</strong></span> <span class='ocrx_word' id='word_1_111' title='bbox 212 1878 332 1935; x_wconf 87' lang='lat' dir='ltr'><strong>accendi</strong></span> <span class='ocrx_word' id='word_1_112' title='bbox 347 1877 455 1932; x_wconf 90' lang='lat' dir='ltr'><strong>debent</strong></span> <span class='ocrx_word' id='word_1_113' title='bbox 467 1876 503 1932; x_wconf 89' lang='lat' dir='ltr'><strong>ad</strong></span> <span class='ocrx_word' id='word_1_114' title='bbox 518 1874 689 1950; x_wconf 77' lang='lat' dir='ltr'><strong>Vigiliasad</strong></span> <span class='ocrx_word' id='word_1_115' title='bbox 707 1873 839 1938; x_wconf 89' lang='lat' dir='ltr'><strong>missam,</strong></span> <span class='ocrx_word' id='word_1_116' title='bbox 850 1876 880 1928; x_wconf 96' lang='lat' dir='ltr'><strong>et</strong></span> 
     </span>
     <span class='ocr_line' id='line_1_20' title="bbox 57 1961 880 2044; baseline -0.018 -12"><span class='ocrx_word' id='word_1_117' title='bbox 57 1975 94 2032; x_wconf 86' lang='lat' dir='ltr'><strong>ed</strong></span> <span class='ocrx_word' id='word_1_118' title='bbox 105 1971 249 2044; x_wconf 89' lang='lat' dir='ltr'><strong>Vesperas</strong></span> <span class='ocrx_word' id='word_1_119' title='bbox 262 1967 365 2024; x_wconf 85' lang='lat' dir='ltr'><strong>Natalis</strong></span> <span class='ocrx_word' id='word_1_120' title='bbox 380 1966 497 2023; x_wconf 87' lang='lat' dir='ltr'><strong>Domini</strong></span> <span class='ocrx_word' id='word_1_121' title='bbox 512 1982 522 2021; x_wconf 90' lang='lat'><strong>.·</strong></span> <span class='ocrx_word' id='word_1_122' title='bbox 537 1961 726 2037; x_wconf 67' lang='lat' dir='ltr'><strong>apparitionis</strong></span> <span class='ocrx_word' id='word_1_123' title='bbox 743 1979 750 2019; x_wconf 90' lang='lat'>:</span> <span class='ocrx_word' id='word_1_124' title='bbox 777 1963 805 2018; x_wconf 92' lang='lat' dir='ltr'><strong>in</strong></span> <span class='ocrx_word' id='word_1_125' title='bbox 830 1961 880 2018; x_wconf 84' lang='lat' dir='ltr'><strong>lla·</strong></span> 
     </span>
     <span class='ocr_line' id='line_1_21' title="bbox 56 2053 880 2121; baseline -0.018 -1"><span class='ocrx_word' id='word_1_126' title='bbox 56 2066 111 2121; x_wconf 86' lang='lat' dir='ltr'><strong>mir</strong></span> <span class='ocrx_word' id='word_1_127' title='bbox 126 2062 288 2118; x_wconf 84' lang='lat' dir='ltr'><strong>Palmarum</strong></span> <span class='ocrx_word' id='word_1_128' title='bbox 303 2073 310 2112; x_wconf 74' lang='grc' dir='ltr'><strong><em>ε</em></strong></span> <span class='ocrx_word' id='word_1_129' title='bbox 323 2057 437 2113; x_wconf 74' lang='lat' dir='ltr'><strong>Paactae</strong></span> <span class='ocrx_word' id='word_1_130' title='bbox 453 2071 461 2110; x_wconf 77' lang='lat' dir='ltr'><strong>t</strong></span> <span class='ocrx_word' id='word_1_131' title='bbox 477 2054 652 2110; x_wconf 71' lang='lat' dir='ltr'><strong>decentioris</strong></span> <span class='ocrx_word' id='word_1_132' title='bbox 669 2069 676 2108; x_wconf 78' lang='grc' dir='ltr'><strong>ι</strong></span> <span class='ocrx_word' id='word_1_133' title='bbox 692 2053 880 2108; x_wconf 79' lang='lat' dir='ltr'><strong>Pentecosten:</strong></span> 
     </span>
     <span class='ocr_line' id='line_1_22' title="bbox 60 2141 881 2210; baseline -0.019 0"><span class='ocrx_word' id='word_1_134' title='bbox 60 2152 225 2210; x_wconf 82' lang='lat' dir='ltr'><strong>Trinitatis:</strong></span> <span class='ocrx_word' id='word_1_135' title='bbox 244 2147 377 2205; x_wconf 90' lang='lat' dir='ltr'><strong>omnium</strong></span> <span class='ocrx_word' id='word_1_136' title='bbox 403 2144 624 2200; x_wconf 71' lang='lat' dir='ltr'><strong>solemnitatum</strong></span> <span class='ocrx_word' id='word_1_137' title='bbox 640 2147 746 2199; x_wconf 81' lang='lat' dir='ltr'><strong>senata</strong></span> <span class='ocrx_word' id='word_1_138' title='bbox 761 2141 881 2198; x_wconf 55' lang='grc' dir='ltr'><strong>Μανίας</strong></span> 
     </span>
     <span class='ocr_line' id='line_1_23' title="bbox 58 2230 883 2305; baseline -0.018 -6"><span class='ocrx_word' id='word_1_139' title='bbox 58 2239 223 2299; x_wconf 73' lang='lat' dir='ltr'><strong>Natiuitatis</strong></span> <span class='ocrx_word' id='word_1_140' title='bbox 238 2237 330 2293; x_wconf 86' lang='lat' dir='ltr'><strong>sancti</strong></span> <span class='ocrx_word' id='word_1_141' title='bbox 346 2236 459 2292; x_wconf 65' lang='lat' dir='ltr'><strong>lacuaria</strong></span> <span class='ocrx_word' id='word_1_142' title='bbox 476 2234 606 2305; x_wconf 73' lang='lat' dir='ltr'><strong>Daptrsloe</strong></span> <span class='ocrx_word' id='word_1_143' title='bbox 621 2247 628 2288; x_wconf 93' lang='lat'>:</span> <span class='ocrx_word' id='word_1_144' title='bbox 645 2230 753 2289; x_wconf 88' lang='lat' dir='ltr'><strong>natalis</strong></span> <span class='ocrx_word' id='word_1_145' title='bbox 769 2234 883 2300; x_wconf 88' lang='lat' dir='ltr'><strong>aposto·</strong></span> 
     </span>
     <span class='ocr_line' id='line_1_24' title="bbox 59 2318 881 2390; baseline -0.018 -1"><span class='ocrx_word' id='word_1_146' title='bbox 59 2333 154 2390; x_wconf 91' lang='lat' dir='ltr'><strong>lorum</strong></span> <span class='ocrx_word' id='word_1_147' title='bbox 171 2329 245 2385; x_wconf 82' lang='lat' dir='ltr'><strong>Petri</strong></span> <span class='ocrx_word' id='word_1_148' title='bbox 259 2332 288 2382; x_wconf 88' lang='lat' dir='ltr'><strong>et</strong></span> <span class='ocrx_word' id='word_1_149' title='bbox 300 2325 384 2382; x_wconf 79' lang='lat' dir='ltr'><strong>Pauli</strong></span> <span class='ocrx_word' id='word_1_150' title='bbox 400 2339 408 2379; x_wconf 79' lang='lat' dir='ltr'>t</span> <span class='ocrx_word' id='word_1_151' title='bbox 429 2323 458 2380; x_wconf 91' lang='lat' dir='ltr'><strong>in</strong></span> <span class='ocrx_word' id='word_1_152' title='bbox 486 2321 670 2379; x_wconf 73' lang='lat' dir='ltr'><strong>solemnitate</strong></span> <span class='ocrx_word' id='word_1_153' title='bbox 685 2318 777 2376; x_wconf 80' lang='lat' dir='ltr'><strong>macti</strong></span> <span class='ocrx_word' id='word_1_154' title='bbox 796 2319 881 2374; x_wconf 86' lang='lat' dir='ltr'><strong>Bene·</strong></span> 
     </span>
     <span class='ocr_line' id='line_1_25' title="bbox 62 2406 883 2479; baseline -0.019 0"><span class='ocrx_word' id='word_1_155' title='bbox 62 2421 130 2479; x_wconf 88' lang='lat' dir='ltr'><strong>dicti</strong></span> <span class='ocrx_word' id='word_1_156' title='bbox 147 2436 153 2474; x_wconf 78' lang='grc' dir='ltr'><strong><em>ε</em></strong></span> <span class='ocrx_word' id='word_1_157' title='bbox 170 2415 300 2476; x_wconf 83' lang='lat' dir='ltr'><strong>Omnium</strong></span> <span class='ocrx_word' id='word_1_158' title='bbox 313 2419 498 2472; x_wconf 87' lang='lat' dir='ltr'><strong>Sanctorum:</strong></span> <span class='ocrx_word' id='word_1_159' title='bbox 516 2412 609 2468; x_wconf 89' lang='lat' dir='ltr'><strong>sancti</strong></span> <span class='ocrx_word' id='word_1_160' title='bbox 625 2408 763 2466; x_wconf 84' lang='lat' dir='ltr'><strong>Bernardi</strong></span> <span class='ocrx_word' id='word_1_161' title='bbox 779 2425 786 2465; x_wconf 90' lang='lat'>:</span> <span class='ocrx_word' id='word_1_162' title='bbox 803 2406 883 2464; x_wconf 86' lang='lat' dir='ltr'><strong>Dedi·</strong></span> 
     </span>
     <span class='ocr_line' id='line_1_26' title="bbox 61 2496 881 2569; baseline -0.021 -1"><span class='ocrx_word' id='word_1_163' title='bbox 61 2509 182 2569; x_wconf 78' lang='lat' dir='ltr'><strong>calionis</strong></span> <span class='ocrx_word' id='word_1_164' title='bbox 196 2505 336 2564; x_wconf 70' lang='lat' dir='ltr'><strong>ecclesia:</strong></span> <span class='ocrx_word' id='word_1_165' title='bbox 353 2506 383 2560; x_wconf 92' lang='lat' dir='ltr'><strong>in</strong></span> <span class='ocrx_word' id='word_1_166' title='bbox 394 2499 805 2560; x_wconf 81' lang='lat' dir='ltr'><strong>commemorationeomniuru</strong></span> <span class='ocrx_word' id='word_1_167' title='bbox 814 2496 881 2567; x_wconf 78' lang='lat' dir='ltr'><strong>fide·</strong></span> 
     </span>
     <span class='ocr_line' id='line_1_27' title="bbox 65 2584 883 2670; baseline -0.021 -12"><span class='ocrx_word' id='word_1_168' title='bbox 65 2603 135 2659; x_wconf 90' lang='lat' dir='ltr'><strong>lium</strong></span> <span class='ocrx_word' id='word_1_169' title='bbox 157 2599 373 2670; x_wconf 64' lang='lat' dir='ltr'><strong>defunctorum:</strong></span> <span class='ocrx_word' id='word_1_170' title='bbox 407 2593 442 2648; x_wconf 92' lang='lat' dir='ltr'><strong>ad</strong></span> <span class='ocrx_word' id='word_1_171' title='bbox 471 2589 595 2664; x_wconf 80' lang='lat' dir='ltr'><strong>Vigilias</strong></span> <span class='ocrx_word' id='word_1_172' title='bbox 621 2589 790 2647; x_wconf 88' lang='lat' dir='ltr'><strong>eorumdem</strong></span> <span class='ocrx_word' id='word_1_173' title='bbox 804 2595 830 2642; x_wconf 86' lang='lat' dir='ltr'><strong>el</strong></span> <span class='ocrx_word' id='word_1_174' title='bbox 846 2584 883 2642; x_wconf 91' lang='lat' dir='ltr'><strong>ad</strong></span> 
     </span>
     <span class='ocr_line' id='line_1_28' title="bbox 63 2675 882 2748; baseline -0.02 0"><span class='ocrx_word' id='word_1_175' title='bbox 63 2692 185 2748; x_wconf 87' lang='lat' dir='ltr'><strong>missam</strong></span> <span class='ocrx_word' id='word_1_176' title='bbox 195 2681 616 2744; x_wconf 89' lang='lat' dir='ltr'><strong>tantummodoaccendunlur.</strong></span> <span class='ocrx_word' id='word_1_177' title='bbox 625 2678 656 2734; x_wconf 93' lang='lat' dir='ltr'><strong>ln</strong></span> <span class='ocrx_word' id='word_1_178' title='bbox 670 2676 809 2733; x_wconf 82' lang='lat' dir='ltr'><strong>bisetium</strong></span> <span class='ocrx_word' id='word_1_179' title='bbox 821 2675 882 2732; x_wconf 91' lang='lat' dir='ltr'><strong>die·</strong></span> 
     </span>
     <span class='ocr_line' id='line_1_29' title="bbox 63 2771 884 2851; baseline -0.023 -13"><span class='ocrx_word' id='word_1_180' title='bbox 63 2782 117 2839; x_wconf 87' lang='lat' dir='ltr'><strong>bus</strong></span> <span class='ocrx_word' id='word_1_181' title='bbox 131 2778 259 2851; x_wconf 81' lang='lat' dir='ltr'><strong>exceptis</strong></span> <span class='ocrx_word' id='word_1_182' title='bbox 275 2775 356 2832; x_wconf 91' lang='lat' dir='ltr'><strong>lestis</strong></span> <span class='ocrx_word' id='word_1_183' title='bbox 371 2771 568 2842; x_wconf 80' lang='lat' dir='ltr'><strong>transpositis,</strong></span> <span class='ocrx_word' id='word_1_184' title='bbox 583 2773 613 2824; x_wconf 93' lang='lat' dir='ltr'><strong>st</strong></span> <span class='ocrx_word' id='word_1_185' title='bbox 628 2775 745 2839; x_wconf 85' lang='lat' dir='ltr'><strong>excepta</strong></span> <span class='ocrx_word' id='word_1_186' title='bbox 759 2780 884 2822; x_wconf 89' lang='lat' dir='ltr'><strong>comme·</strong></span> 
     </span>
     <span class='ocr_line' id='line_1_30' title="bbox 63 2855 883 2930; baseline -0.021 -3"><span class='ocrx_word' id='word_1_187' title='bbox 63 2870 222 2927; x_wconf 89' lang='lat' dir='ltr'><strong>moratione</strong></span> <span class='ocrx_word' id='word_1_188' title='bbox 236 2865 452 2930; x_wconf 86' lang='lat' dir='ltr'><strong>detunctorum,</strong></span> <span class='ocrx_word' id='word_1_189' title='bbox 469 2859 614 2914; x_wconf 87' lang='lat' dir='ltr'><strong>habentur</strong></span> <span class='ocrx_word' id='word_1_190' title='bbox 629 2870 780 2913; x_wconf 90' lang='lat' dir='ltr'><strong>sermones</strong></span> <span class='ocrx_word' id='word_1_191' title='bbox 791 2855 820 2910; x_wconf 95' lang='lat' dir='ltr'><strong>in</strong></span> <span class='ocrx_word' id='word_1_192' title='bbox 836 2869 883 2911; x_wconf 90' lang='lat' dir='ltr'><strong>ca-</strong></span> 
     </span>
     <span class='ocr_line' id='line_1_31' title="bbox 62 2943 884 3034; baseline -0.023 -17"><span class='ocrx_word' id='word_1_193' title='bbox 62 2960 166 3034; x_wconf 89' lang='lat' dir='ltr'><strong>pitulo.</strong></span> <span class='ocrx_word' id='word_1_194' title='bbox 187 2958 220 3014; x_wconf 82' lang='lat' dir='ltr'><strong>iit</strong></span> <span class='ocrx_word' id='word_1_195' title='bbox 234 2959 340 3030; x_wconf 82' lang='lat' dir='ltr'><strong>praeter</strong></span> <span class='ocrx_word' id='word_1_196' title='bbox 352 2953 406 3009; x_wconf 90' lang='lat' dir='ltr'><strong>boc</strong></span> <span class='ocrx_word' id='word_1_197' title='bbox 421 2953 450 3008; x_wconf 90' lang='lat' dir='ltr'><strong>in</strong></span> <span class='ocrx_word' id='word_1_198' title='bbox 469 2949 618 3006; x_wconf 89' lang='lat' dir='ltr'><strong>Dominica</strong></span> <span class='ocrx_word' id='word_1_199' title='bbox 629 2945 725 3020; x_wconf 89' lang='lat' dir='ltr'><strong>prima</strong></span> <span class='ocrx_word' id='word_1_200' title='bbox 735 2943 884 3001; x_wconf 74' lang='lat' dir='ltr'><strong>Adventus</strong></span> 
     </span>
    </p>
   </div>
   <div class='ocr_carea' id='block_1_5' title="bbox 535 229 1257 307">
    <p class='ocr_par' dir='ltr' id='par_1_5' title="bbox 535 229 1257 307">
     <span class='ocr_line' id='line_1_32' title="bbox 535 229 1257 307; baseline 0.012 -11"><span class='ocrx_word' id='word_1_201' title='bbox 535 231 636 296; x_wconf 81' lang='lat' dir='ltr'>USUS</span> <span class='ocrx_word' id='word_1_202' title='bbox 657 229 815 293; x_wconf 79' lang='lat' dir='ltr'><strong>oablttis</strong></span> <span class='ocrx_word' id='word_1_203' title='bbox 836 230 1013 297; x_wconf 76' lang='lat' dir='ltr'><strong>cistelle.</strong></span> <span class='ocrx_word' id='word_1_204' title='bbox 1038 271 1076 286; x_wconf 94' lang='lat'><strong>-·</strong></span> <span class='ocrx_word' id='word_1_205' title='bbox 1096 242 1196 307; x_wconf 76' lang='lat' dir='ltr'>PARS</span> <span class='ocrx_word' id='word_1_206' title='bbox 1218 243 1257 306; x_wconf 88' lang='lat' dir='ltr'><strong>ll.</strong></span> 
     </span>
    </p>
   </div>
   <div class='ocr_carea' id='block_1_6' title="bbox 1670 242 1749 306">
    <p class='ocr_par' dir='ltr' id='par_1_6' title="bbox 1670 242 1749 306">
     <span class='ocr_line' id='line_1_33' title="bbox 1670 242 1749 306; baseline 0.025 -2"><span class='ocrx_word' id='word_1_207' title='bbox 1670 242 1749 306; x_wconf 77' lang='lat' dir='ltr'><strong>llus</strong></span> 
     </span>
    </p>
   </div>
   <div class='ocr_carea' id='block_1_7' title="bbox 881 368 1749 449">
    <p class='ocr_par' dir='ltr' id='par_1_7' title="bbox 881 368 1749 449">
     <span class='ocr_line' id='line_1_34' title="bbox 881 368 1749 449; baseline 0.009 -26"><span class='ocrx_word' id='word_1_208' title='bbox 881 368 910 434; x_wconf 69' lang='grc' dir='ltr'><strong>Α</strong></span> <span class='ocrx_word' id='word_1_209' title='bbox 925 375 953 424; x_wconf 93' lang='lat' dir='ltr'><strong>et</strong></span> <span class='ocrx_word' id='word_1_210' title='bbox 967 371 1102 431; x_wconf 84' lang='lat' dir='ltr'><strong>abbatem</strong></span> <span class='ocrx_word' id='word_1_211' title='bbox 1116 377 1216 434; x_wconf 89' lang='lat' dir='ltr'><strong>nullus</strong></span> <span class='ocrx_word' id='word_1_212' title='bbox 1230 378 1326 434; x_wconf 89' lang='lat' dir='ltr'><strong>adbuc</strong></span> <span class='ocrx_word' id='word_1_213' title='bbox 1342 376 1456 433; x_wconf 89' lang='lat' dir='ltr'><strong>medias</strong></span> <span class='ocrx_word' id='word_1_214' title='bbox 1471 379 1537 444; x_wconf 91' lang='lat' dir='ltr'><strong>stet,</strong></span> <span class='ocrx_word' id='word_1_215' title='bbox 1550 376 1628 449; x_wconf 90' lang='lat' dir='ltr'><strong>quad</strong></span> <span class='ocrx_word' id='word_1_216' title='bbox 1638 374 1749 432; x_wconf 90' lang='lat' dir='ltr'><strong>detali·</strong></span> 
     </span>
    </p>
   </div>
   <div class='ocr_carea' id='block_1_8' title="bbox 926 457 1778 3046">
    <p class='ocr_par' dir='ltr' id='par_1_8' title="bbox 926 457 1778 3046">
     <span class='ocr_line' id='line_1_35' title="bbox 927 457 1749 540; baseline 0.009 -27"><span class='ocrx_word' id='word_1_217' title='bbox 927 457 981 515; x_wconf 93' lang='lat' dir='ltr'><strong>bus</strong></span> <span class='ocrx_word' id='word_1_218' title='bbox 996 478 1031 519; x_wconf 85' lang='lat' dir='ltr'><strong>ex</strong></span> <span class='ocrx_word' id='word_1_219' title='bbox 1046 465 1185 523; x_wconf 88' lang='lat' dir='ltr'><strong>utralibet</strong></span> <span class='ocrx_word' id='word_1_220' title='bbox 1200 475 1281 540; x_wconf 90' lang='lat' dir='ltr'><strong>parte</strong></span> <span class='ocrx_word' id='word_1_221' title='bbox 1296 465 1377 523; x_wconf 87' lang='lat' dir='ltr'><strong>ebori</strong></span> <span class='ocrx_word' id='word_1_222' title='bbox 1399 467 1582 535; x_wconf 90' lang='lat' dir='ltr'><strong>intraverint,</strong></span> <span class='ocrx_word' id='word_1_223' title='bbox 1607 469 1650 521; x_wconf 94' lang='lat' dir='ltr'><strong>tol</strong></span> <span class='ocrx_word' id='word_1_224' title='bbox 1665 464 1749 522; x_wconf 89' lang='lat' dir='ltr'><strong>incli-</strong></span> 
     </span>
     <span class='ocr_line' id='line_1_36' title="bbox 926 552 1751 628; baseline 0.008 -25"><span class='ocrx_word' id='word_1_225' title='bbox 926 553 997 605; x_wconf 87' lang='lat' dir='ltr'><strong>nent</strong></span> <span class='ocrx_word' id='word_1_226' title='bbox 1011 552 1047 608; x_wconf 93' lang='lat' dir='ltr'><strong>ei.</strong></span> <span class='ocrx_word' id='word_1_227' title='bbox 1063 557 1136 611; x_wconf 90' lang='lat' dir='ltr'><strong>cum</strong></span> <span class='ocrx_word' id='word_1_228' title='bbox 1153 561 1249 613; x_wconf 89' lang='lat' dir='ltr'><strong>autern</strong></span> <span class='ocrx_word' id='word_1_229' title='bbox 1267 555 1450 628; x_wconf 84' lang='lat' dir='ltr'><strong>pervenerint</strong></span> <span class='ocrx_word' id='word_1_230' title='bbox 1465 555 1499 610; x_wconf 88' lang='lat' dir='ltr'><strong>ed</strong></span> <span class='ocrx_word' id='word_1_231' title='bbox 1517 554 1581 612; x_wconf 91' lang='lat' dir='ltr'><strong>loca</strong></span> <span class='ocrx_word' id='word_1_232' title='bbox 1595 570 1659 622; x_wconf 87' lang='lat' dir='ltr'><strong>sua,</strong></span> <span class='ocrx_word' id='word_1_233' title='bbox 1671 558 1751 610; x_wconf 89' lang='lat' dir='ltr'><strong>slent</strong></span> 
     </span>
     <span class='ocr_line' id='line_1_37' title="bbox 926 639 1745 716; baseline 0.012 -25"><span class='ocrx_word' id='word_1_234' title='bbox 926 639 1019 696; x_wconf 87' lang='lat' dir='ltr'><strong>versis</strong></span> <span class='ocrx_word' id='word_1_235' title='bbox 1034 642 1165 701; x_wconf 88' lang='lat' dir='ltr'><strong>vultibus</strong></span> <span class='ocrx_word' id='word_1_236' title='bbox 1181 645 1217 702; x_wconf 88' lang='lat' dir='ltr'><strong>ad</strong></span> <span class='ocrx_word' id='word_1_237' title='bbox 1234 644 1326 702; x_wconf 85' lang='lat' dir='ltr'><strong>altare</strong></span> <span class='ocrx_word' id='word_1_238' title='bbox 1341 644 1433 701; x_wconf 88' lang='lat' dir='ltr'><strong>donec</strong></span> <span class='ocrx_word' id='word_1_239' title='bbox 1448 645 1567 716; x_wconf 80' lang='lat' dir='ltr'><strong>signam</strong></span> <span class='ocrx_word' id='word_1_240' title='bbox 1583 648 1745 701; x_wconf 81' lang='lat' dir='ltr'><strong>remanent.</strong></span> 
     </span>
     <span class='ocr_line' id='line_1_38' title="bbox 927 726 1749 791; baseline 0.009 -8"><span class='ocrx_word' id='word_1_241' title='bbox 927 726 1068 786; x_wconf 87' lang='lat' dir='ltr'><strong>Similiter</strong></span> <span class='ocrx_word' id='word_1_242' title='bbox 1076 740 1174 790; x_wconf 89' lang='lat' dir='ltr'><strong>autem</strong></span> <span class='ocrx_word' id='word_1_243' title='bbox 1187 741 1263 791; x_wconf 88' lang='lat' dir='ltr'><strong>eleni</strong></span> <span class='ocrx_word' id='word_1_244' title='bbox 1274 739 1341 791; x_wconf 87' lang='lat' dir='ltr'><strong>ante</strong></span> <span class='ocrx_word' id='word_1_245' title='bbox 1351 749 1452 791; x_wconf 87' lang='lat' dir='ltr'><strong>ornnes</strong></span> <span class='ocrx_word' id='word_1_246' title='bbox 1464 738 1551 791; x_wconf 88' lang='lat' dir='ltr'><strong>boras</strong></span> <span class='ocrx_word' id='word_1_247' title='bbox 1561 733 1619 790; x_wconf 89' lang='lat' dir='ltr'><strong>diei</strong></span> <span class='ocrx_word' id='word_1_248' title='bbox 1633 738 1662 788; x_wconf 93' lang='lat' dir='ltr'><strong>et</strong></span> <span class='ocrx_word' id='word_1_249' title='bbox 1677 734 1749 790; x_wconf 89' lang='lat' dir='ltr'><strong>mis·</strong></span> 
     </span>
     <span class='ocr_line' id='line_1_39' title="bbox 927 817 1749 895; baseline 0.011 -25"><span class='ocrx_word' id='word_1_250' title='bbox 927 817 1116 877; x_wconf 86' lang='lat' dir='ltr'><strong>ses.Dimieso</strong></span> <span class='ocrx_word' id='word_1_251' title='bbox 1126 828 1223 880; x_wconf 89' lang='lat' dir='ltr'><strong>autem</strong></span> <span class='ocrx_word' id='word_1_252' title='bbox 1235 824 1444 895; x_wconf 73' lang='lat' dir='ltr'><strong>signancisnt</strong></span> <span class='ocrx_word' id='word_1_253' title='bbox 1453 822 1570 880; x_wconf 87' lang='lat' dir='ltr'><strong>solitam</strong></span> <span class='ocrx_word' id='word_1_254' title='bbox 1586 823 1749 879; x_wconf 90' lang='lat' dir='ltr'><strong>orationem</strong></span> 
     </span>
     <span class='ocr_line' id='line_1_40' title="bbox 927 909 1751 981; baseline 0.007 -20"><span class='ocrx_word' id='word_1_255' title='bbox 927 922 1017 978; x_wconf 90' lang='lat' dir='ltr'><strong>super</strong></span> <span class='ocrx_word' id='word_1_256' title='bbox 1030 909 1245 977; x_wconf 78' lang='lat' dir='ltr'><strong>misericordias,</strong></span> <span class='ocrx_word' id='word_1_257' title='bbox 1263 914 1291 969; x_wconf 89' lang='lat' dir='ltr'><strong>id</strong></span> <span class='ocrx_word' id='word_1_258' title='bbox 1308 922 1350 970; x_wconf 87' lang='lat' dir='ltr'><strong>eal</strong></span> <span class='ocrx_word' id='word_1_259' title='bbox 1366 915 1562 981; x_wconf 73' lang='lat' dir='ltr'><strong>Paterninum,</strong></span> <span class='ocrx_word' id='word_1_260' title='bbox 1577 916 1606 968; x_wconf 91' lang='lat' dir='ltr'><strong>st</strong></span> <span class='ocrx_word' id='word_1_261' title='bbox 1623 911 1709 968; x_wconf 83' lang='lat' dir='ltr'><strong>Credo</strong></span> <span class='ocrx_word' id='word_1_262' title='bbox 1721 915 1751 969; x_wconf 89' lang='lat' dir='ltr'><strong>in</strong></span> 
     </span>
     <span class='ocr_line' id='line_1_41' title="bbox 927 995 1750 1074; baseline 0.01 -23"><span class='ocrx_word' id='word_1_263' title='bbox 927 995 1053 1066; x_wconf 88' lang='lat' dir='ltr'><strong>Deum,el</strong></span> <span class='ocrx_word' id='word_1_264' title='bbox 1069 1001 1143 1057; x_wconf 86' lang='lat' dir='ltr'><strong>lacto</strong></span> <span class='ocrx_word' id='word_1_265' title='bbox 1157 1002 1255 1058; x_wconf 91' lang='lat' dir='ltr'><strong>sonitu</strong></span> <span class='ocrx_word' id='word_1_266' title='bbox 1271 1002 1385 1074; x_wconf 81' lang='lat' dir='ltr'><strong>erigant</strong></span> <span class='ocrx_word' id='word_1_267' title='bbox 1400 1019 1432 1060; x_wconf 90' lang='lat' dir='ltr'><strong>se</strong></span> <span class='ocrx_word' id='word_1_268' title='bbox 1459 1019 1572 1072; x_wconf 88' lang='lat' dir='ltr'><strong>omnes,</strong></span> <span class='ocrx_word' id='word_1_269' title='bbox 1586 1008 1614 1059; x_wconf 88' lang='lat' dir='ltr'><strong>et</strong></span> <span class='ocrx_word' id='word_1_270' title='bbox 1625 1002 1702 1058; x_wconf 90' lang='lat' dir='ltr'><strong>versi</strong></span> <span class='ocrx_word' id='word_1_271' title='bbox 1713 1003 1750 1059; x_wconf 92' lang='lat' dir='ltr'><strong>ad</strong></span> 
     </span>
     <span class='ocr_line' id='line_1_42' title="bbox 928 1083 1750 1160; baseline 0.006 -19"><span class='ocrx_word' id='word_1_272' title='bbox 928 1083 1019 1142; x_wconf 86' lang='lat' dir='ltr'><strong>altare</strong></span> <span class='ocrx_word' id='word_1_273' title='bbox 1034 1086 1152 1160; x_wconf 79' lang='lat' dir='ltr'><strong>signent</strong></span> <span class='ocrx_word' id='word_1_274' title='bbox 1166 1107 1209 1159; x_wconf 89' lang='lat' dir='ltr'><strong>se,</strong></span> <span class='ocrx_word' id='word_1_275' title='bbox 1225 1098 1255 1147; x_wconf 90' lang='lat' dir='ltr'><strong>et</strong></span> <span class='ocrx_word' id='word_1_276' title='bbox 1269 1108 1386 1147; x_wconf 87' lang='lat' dir='ltr'><strong>rursum</strong></span> <span class='ocrx_word' id='word_1_277' title='bbox 1412 1091 1590 1148; x_wconf 81' lang='lat' dir='ltr'><strong>inclinantes</strong></span> <span class='ocrx_word' id='word_1_278' title='bbox 1600 1097 1680 1149; x_wconf 91' lang='lat' dir='ltr'><strong>stent</strong></span> <span class='ocrx_word' id='word_1_279' title='bbox 1694 1090 1750 1147; x_wconf 92' lang='lat' dir='ltr'><strong>ibi·</strong></span> 
     </span>
     <span class='ocr_line' id='line_1_43' title="bbox 928 1175 1751 1253; baseline 0.007 -22"><span class='ocrx_word' id='word_1_280' title='bbox 928 1175 1090 1236; x_wconf 88' lang='lat' dir='ltr'><strong>dem.l)icto</strong></span> <span class='ocrx_word' id='word_1_281' title='bbox 1101 1178 1200 1252; x_wconf 90' lang='lat' dir='ltr'><strong>itaque</strong></span> <span class='ocrx_word' id='word_1_282' title='bbox 1213 1181 1283 1237; x_wconf 85' lang='lat' dir='ltr'><strong>Deus</strong></span> <span class='ocrx_word' id='word_1_283' title='bbox 1295 1182 1325 1237; x_wconf 85' lang='lat' dir='ltr'><strong>iu</strong></span> <span class='ocrx_word' id='word_1_284' title='bbox 1339 1180 1515 1253; x_wconf 84' lang='lat' dir='ltr'><strong>adjutorium</strong></span> <span class='ocrx_word' id='word_1_285' title='bbox 1524 1197 1617 1237; x_wconf 87' lang='lat' dir='ltr'><strong>meum</strong></span> <span class='ocrx_word' id='word_1_286' title='bbox 1628 1182 1751 1251; x_wconf 67' lang='lat' dir='ltr'><strong>iratende,</strong></span> 
     </span>
     <span class='ocr_line' id='line_1_44' title="bbox 930 1268 1752 1334; baseline 0.006 -14"><span class='ocrx_word' id='word_1_287' title='bbox 930 1281 1043 1323; x_wconf 90' lang='lat' dir='ltr'><strong>morose</strong></span> <span class='ocrx_word' id='word_1_288' title='bbox 1058 1274 1088 1323; x_wconf 91' lang='lat' dir='ltr'><strong>et</strong></span> <span class='ocrx_word' id='word_1_289' title='bbox 1102 1270 1243 1327; x_wconf 89' lang='lat' dir='ltr'><strong>trahendo</strong></span> <span class='ocrx_word' id='word_1_290' title='bbox 1258 1287 1275 1326; x_wconf 90' lang='lat' dir='ltr'><strong>a</strong></span> <span class='ocrx_word' id='word_1_291' title='bbox 1291 1271 1451 1334; x_wconf 86' lang='lat' dir='ltr'><strong>sacerdote,</strong></span> <span class='ocrx_word' id='word_1_292' title='bbox 1468 1270 1636 1327; x_wconf 88' lang='lat' dir='ltr'><strong>cancellatis</strong></span> <span class='ocrx_word' id='word_1_293' title='bbox 1659 1268 1752 1325; x_wconf 88' lang='lat' dir='ltr'><strong>mani·</strong></span> 
     </span>
     <span class='ocr_line' id='line_1_45' title="bbox 930 1355 1751 1432; baseline 0.004 -20"><span class='ocrx_word' id='word_1_294' title='bbox 930 1355 985 1412; x_wconf 92' lang='lat' dir='ltr'><strong>bas</strong></span> <span class='ocrx_word' id='word_1_295' title='bbox 1000 1356 1191 1416; x_wconf 75' lang='lat' dir='ltr'><strong>incurventur</strong></span> <span class='ocrx_word' id='word_1_296' title='bbox 1205 1362 1359 1432; x_wconf 85' lang='lat' dir='ltr'><strong>protunda,</strong></span> <span class='ocrx_word' id='word_1_297' title='bbox 1382 1361 1475 1417; x_wconf 87' lang='lat' dir='ltr'><strong>donec</strong></span> <span class='ocrx_word' id='word_1_298' title='bbox 1496 1363 1537 1417; x_wconf 76' lang='lat' dir='ltr'><strong>Ad</strong></span> <span class='ocrx_word' id='word_1_299' title='bbox 1564 1358 1751 1428; x_wconf 78' lang='lat' dir='ltr'><strong>adiuuandum</strong></span> 
     </span>
     <span class='ocr_line' id='line_1_46' title="bbox 930 1447 1753 1522; baseline 0.005 -21"><span class='ocrx_word' id='word_1_300' title='bbox 930 1447 1099 1518; x_wconf 69' lang='lat' dir='ltr'><strong>mesaliae,</strong></span> <span class='ocrx_word' id='word_1_301' title='bbox 1115 1450 1216 1505; x_wconf 82' lang='lat' dir='ltr'><strong>eadem</strong></span> <span class='ocrx_word' id='word_1_302' title='bbox 1231 1451 1400 1507; x_wconf 88' lang='lat' dir='ltr'><strong>morositate</strong></span> <span class='ocrx_word' id='word_1_303' title='bbox 1408 1455 1436 1506; x_wconf 95' lang='lat' dir='ltr'><strong>et</strong></span> <span class='ocrx_word' id='word_1_304' title='bbox 1451 1453 1592 1518; x_wconf 77' lang='lat' dir='ltr'><strong>pravitate</strong></span> <span class='ocrx_word' id='word_1_305' title='bbox 1608 1449 1753 1522; x_wconf 87' lang='lat' dir='ltr'><strong>complea-</strong></span> 
     </span>
     <span class='ocr_line' id='line_1_47' title="bbox 929 1539 1754 1612; baseline 0.001 -20"><span class='ocrx_word' id='word_1_306' title='bbox 929 1540 978 1593; x_wconf 91' lang='lat' dir='ltr'><strong>tur</strong></span> <span class='ocrx_word' id='word_1_307' title='bbox 993 1553 1000 1593; x_wconf 91' lang='lat'><strong>:</strong></span> <span class='ocrx_word' id='word_1_308' title='bbox 1017 1539 1094 1608; x_wconf 91' lang='lat' dir='ltr'><strong>quod</strong></span> <span class='ocrx_word' id='word_1_309' title='bbox 1111 1539 1246 1596; x_wconf 89' lang='lat' dir='ltr'><strong>similiter</strong></span> <span class='ocrx_word' id='word_1_310' title='bbox 1268 1541 1376 1596; x_wconf 87' lang='lat' dir='ltr'><strong>iaciant</strong></span> <span class='ocrx_word' id='word_1_311' title='bbox 1400 1540 1569 1612; x_wconf 90' lang='lat' dir='ltr'><strong>ubicunque</strong></span> <span class='ocrx_word' id='word_1_312' title='bbox 1593 1539 1754 1596; x_wconf 87' lang='lat' dir='ltr'><strong>inclinave-</strong></span> 
     </span>
     <span class='ocr_line' id='line_1_48' title="bbox 930 1627 1753 1702; baseline 0.001 -21"><span class='ocrx_word' id='word_1_313' title='bbox 930 1627 1052 1693; x_wconf 84' lang='lat' dir='ltr'><strong>rint,sed</strong></span> <span class='ocrx_word' id='word_1_314' title='bbox 1069 1635 1098 1683; x_wconf 84' lang='lat' dir='ltr'><strong>et</strong></span> <span class='ocrx_word' id='word_1_315' title='bbox 1113 1629 1192 1684; x_wconf 90' lang='lat' dir='ltr'><strong>omni</strong></span> <span class='ocrx_word' id='word_1_316' title='bbox 1202 1637 1330 1702; x_wconf 89' lang='lat' dir='ltr'><strong>tempore</strong></span> <span class='ocrx_word' id='word_1_317' title='bbox 1340 1630 1459 1701; x_wconf 87' lang='lat' dir='ltr'><strong>quando</strong></span> <span class='ocrx_word' id='word_1_318' title='bbox 1474 1635 1637 1685; x_wconf 89' lang='lat' dir='ltr'><strong>conventas</strong></span> <span class='ocrx_word' id='word_1_319' title='bbox 1652 1632 1699 1685; x_wconf 91' lang='lat' dir='ltr'><strong>est</strong></span> <span class='ocrx_word' id='word_1_320' title='bbox 1723 1627 1753 1682; x_wconf 94' lang='lat' dir='ltr'><strong>in</strong></span> 
     </span>
     <span class='ocr_line' id='line_1_49' title="bbox 932 1716 1778 1786; baseline 0 -13"><span class='ocrx_word' id='word_1_321' title='bbox 932 1716 1102 1786; x_wconf 85' lang='lat' dir='ltr'><strong>ecclesis,ad</strong></span> <span class='ocrx_word' id='word_1_322' title='bbox 1114 1734 1216 1775; x_wconf 88' lang='lat' dir='ltr'><strong>omnes</strong></span> <span class='ocrx_word' id='word_1_323' title='bbox 1227 1719 1314 1775; x_wconf 87' lang='lat' dir='ltr'><strong>boras</strong></span> <span class='ocrx_word' id='word_1_324' title='bbox 1325 1725 1490 1775; x_wconf 85' lang='lat' dir='ltr'><strong>reverenter</strong></span> <span class='ocrx_word' id='word_1_325' title='bbox 1500 1723 1528 1775; x_wconf 94' lang='lat' dir='ltr'><strong>et</strong></span> <span class='ocrx_word' id='word_1_326' title='bbox 1549 1717 1755 1774; x_wconf 87' lang='lat' dir='ltr'><strong>morosedica·</strong></span> <span class='ocrx_word' id='word_1_327' title='bbox 1775 1750 1778 1755; x_wconf 93' lang='lat'>·</span> 
     </span>
     <span class='ocr_line' id='line_1_50' title="bbox 932 1806 1756 1877; baseline 0 -15"><span class='ocrx_word' id='word_1_328' title='bbox 932 1811 979 1862; x_wconf 88' lang='lat' dir='ltr'><strong>tur</strong></span> <span class='ocrx_word' id='word_1_329' title='bbox 995 1809 1172 1865; x_wconf 88' lang='lat' dir='ltr'><strong>asacerdote</strong></span> <span class='ocrx_word' id='word_1_330' title='bbox 1189 1809 1269 1877; x_wconf 83' lang='lat' dir='ltr'><strong>Deus,</strong></span> <span class='ocrx_word' id='word_1_331' title='bbox 1285 1810 1316 1865; x_wconf 85' lang='lat' dir='ltr'><strong>iu</strong></span> <span class='ocrx_word' id='word_1_332' title='bbox 1326 1808 1500 1876; x_wconf 80' lang='lat' dir='ltr'><strong>adiutorium</strong></span> <span class='ocrx_word' id='word_1_333' title='bbox 1521 1824 1612 1865; x_wconf 84' lang='lat' dir='ltr'><strong>mcum</strong></span> <span class='ocrx_word' id='word_1_334' title='bbox 1632 1806 1756 1877; x_wconf 82' lang='lat' dir='ltr'><strong>intende,</strong></span> 
     </span>
     <span class='ocr_line' id='line_1_51' title="bbox 932 1895 1756 1971; baseline 0 -20"><span class='ocrx_word' id='word_1_335' title='bbox 932 1899 960 1952; x_wconf 94' lang='lat' dir='ltr'><strong>et</strong></span> <span class='ocrx_word' id='word_1_336' title='bbox 974 1901 1139 1953; x_wconf 89' lang='lat' dir='ltr'><strong>aconvenlu</strong></span> <span class='ocrx_word' id='word_1_337' title='bbox 1150 1898 1347 1971; x_wconf 78' lang='lat' dir='ltr'><strong>subjungatur</strong></span> <span class='ocrx_word' id='word_1_338' title='bbox 1361 1898 1486 1966; x_wconf 81' lang='lat' dir='ltr'><strong>Domine,</strong></span> <span class='ocrx_word' id='word_1_339' title='bbox 1502 1897 1542 1954; x_wconf 90' lang='lat' dir='ltr'><strong>ad</strong></span> <span class='ocrx_word' id='word_1_340' title='bbox 1565 1895 1756 1968; x_wconf 76' lang='lat' dir='ltr'><strong>adiuuandum</strong></span> 
     </span>
     <span class='ocr_line' id='line_1_52' title="bbox 933 1987 1756 2061; baseline 0.001 -20"><span class='ocrx_word' id='word_1_341' title='bbox 933 1989 1097 2057; x_wconf 69' lang='lat' dir='ltr'><strong>messalina,</strong></span> <span class='ocrx_word' id='word_1_342' title='bbox 1111 1993 1166 2044; x_wconf 91' lang='lat' dir='ltr'><strong>etc.</strong></span> <span class='ocrx_word' id='word_1_343' title='bbox 1184 1989 1269 2045; x_wconf 75' lang='lat' dir='ltr'><strong>iscla</strong></span> <span class='ocrx_word' id='word_1_344' title='bbox 1284 1990 1453 2061; x_wconf 79' lang='lat' dir='ltr'><strong>pausatione</strong></span> <span class='ocrx_word' id='word_1_345' title='bbox 1474 1994 1541 2046; x_wconf 91' lang='lat' dir='ltr'><strong>ante</strong></span> <span class='ocrx_word' id='word_1_346' title='bbox 1557 1988 1652 2046; x_wconf 83' lang='lat' dir='ltr'><strong>Gloria</strong></span> <span class='ocrx_word' id='word_1_347' title='bbox 1666 1987 1756 2057; x_wconf 85' lang='lat' dir='ltr'><strong>Patri,</strong></span> 
     </span>
     <span class='ocr_line' id='line_1_53' title="bbox 933 2075 1758 2152; baseline 0 -20"><span class='ocrx_word' id='word_1_348' title='bbox 933 2075 1123 2134; x_wconf 80' lang='lat' dir='ltr'><strong>etanteSicut</strong></span> <span class='ocrx_word' id='word_1_349' title='bbox 1143 2085 1211 2145; x_wconf 84' lang='lat' dir='ltr'><strong>erni,</strong></span> <span class='ocrx_word' id='word_1_350' title='bbox 1232 2079 1344 2136; x_wconf 84' lang='lat' dir='ltr'><strong>etiamsi</strong></span> <span class='ocrx_word' id='word_1_351' title='bbox 1359 2080 1512 2152; x_wconf 86' lang='lat' dir='ltr'><strong>sequentia</strong></span> <span class='ocrx_word' id='word_1_352' title='bbox 1527 2079 1617 2136; x_wconf 90' lang='lat' dir='ltr'><strong>cilius</strong></span> <span class='ocrx_word' id='word_1_353' title='bbox 1633 2077 1758 2135; x_wconf 89' lang='lat' dir='ltr'><strong>dicende</strong></span> 
     </span>
     <span class='ocr_line' id='line_1_54' title="bbox 933 2166 1757 2242; baseline 0.004 -20"><span class='ocrx_word' id='word_1_354' title='bbox 933 2166 1002 2223; x_wconf 93' lang='lat' dir='ltr'><strong>sint.</strong></span> <span class='ocrx_word' id='word_1_355' title='bbox 1022 2167 1131 2224; x_wconf 85' lang='lat' dir='ltr'><strong>Dehinc</strong></span> <span class='ocrx_word' id='word_1_356' title='bbox 1154 2168 1318 2225; x_wconf 84' lang='lat' dir='ltr'><strong>celebretur</strong></span> <span class='ocrx_word' id='word_1_357' title='bbox 1339 2185 1415 2242; x_wconf 88' lang='lat' dir='ltr'><strong>opus</strong></span> <span class='ocrx_word' id='word_1_358' title='bbox 1436 2169 1498 2228; x_wconf 87' lang='lat' dir='ltr'><strong>Dei.</strong></span> <span class='ocrx_word' id='word_1_359' title='bbox 1515 2168 1620 2238; x_wconf 85' lang='lat' dir='ltr'><strong>l&#39;enite,</strong></span> <span class='ocrx_word' id='word_1_360' title='bbox 1634 2167 1757 2226; x_wconf 75' lang='lat' dir='ltr'><strong>seruile·</strong></span> 
     </span>
     <span class='ocr_line' id='line_1_55' title="bbox 933 2257 1757 2331; baseline 0.005 -20"><span class='ocrx_word' id='word_1_361' title='bbox 933 2272 997 2312; x_wconf 80' lang='lat' dir='ltr'><strong>ulus</strong></span> <span class='ocrx_word' id='word_1_362' title='bbox 1015 2257 1131 2314; x_wconf 86' lang='lat' dir='ltr'><strong>Domum</strong></span> <span class='ocrx_word' id='word_1_363' title='bbox 1156 2274 1223 2314; x_wconf 91' lang='lat' dir='ltr'><strong>cum</strong></span> <span class='ocrx_word' id='word_1_364' title='bbox 1239 2258 1405 2315; x_wconf 89' lang='lat' dir='ltr'><strong>invitatorio</strong></span> <span class='ocrx_word' id='word_1_365' title='bbox 1418 2257 1534 2316; x_wconf 88' lang='lat' dir='ltr'><strong>dicutur</strong></span> <span class='ocrx_word' id='word_1_366' title='bbox 1548 2263 1615 2315; x_wconf 90' lang='lat' dir='ltr'><strong>ante</strong></span> <span class='ocrx_word' id='word_1_367' title='bbox 1631 2261 1757 2331; x_wconf 76' lang='lat' dir='ltr'><strong>gradum</strong></span> 
     </span>
     <span class='ocr_line' id='line_1_56' title="bbox 934 2346 1762 2422; baseline 0.006 -21"><span class='ocrx_word' id='word_1_368' title='bbox 934 2346 1106 2420; x_wconf 75' lang='lat' dir='ltr'><strong>presbyterii</strong></span> <span class='ocrx_word' id='word_1_369' title='bbox 1119 2364 1135 2403; x_wconf 90' lang='lat' dir='ltr'><strong>a</strong></span> <span class='ocrx_word' id='word_1_370' title='bbox 1146 2348 1262 2405; x_wconf 89' lang='lat' dir='ltr'><strong>duobus</strong></span> <span class='ocrx_word' id='word_1_371' title='bbox 1275 2347 1483 2414; x_wconf 88' lang='lat' dir='ltr'><strong>l&#39;rairlbua,illo</strong></span> <span class='ocrx_word' id='word_1_372' title='bbox 1492 2347 1762 2422; x_wconf 74' lang='lat' dir='ltr'><strong>videlicetquiproe·</strong></span> 
     </span>
     <span class='ocr_line' id='line_1_57' title="bbox 935 2436 1759 2512; baseline 0.005 -20"><span class='ocrx_word' id='word_1_373' title='bbox 935 2442 1046 2492; x_wconf 87' lang='lat' dir='ltr'><strong>sentam</strong></span> <span class='ocrx_word' id='word_1_374' title='bbox 1058 2436 1125 2494; x_wconf 84' lang='lat' dir='ltr'><strong>lacit</strong></span> <span class='ocrx_word' id='word_1_375' title='bbox 1135 2437 1348 2495; x_wconf 88' lang='lat' dir='ltr'><strong>hebdomadam</strong></span> <span class='ocrx_word' id='word_1_376' title='bbox 1362 2438 1759 2512; x_wconf 75' lang='lat' dir='ltr'><strong>invitatorii,elilloquiprae·</strong></span> 
     </span>
     <span class='ocr_line' id='line_1_58' title="bbox 935 2527 1759 2602; baseline 0.005 -21"><span class='ocrx_word' id='word_1_377' title='bbox 935 2527 1051 2582; x_wconf 84' lang='lat' dir='ltr'><strong>lenitam</strong></span> <span class='ocrx_word' id='word_1_378' title='bbox 1068 2528 1146 2587; x_wconf 84' lang='lat' dir='ltr'><strong>lecit.</strong></span> <span class='ocrx_word' id='word_1_379' title='bbox 1163 2527 1218 2593; x_wconf 83' lang='lat' dir='ltr'><strong>Oui</strong></span> <span class='ocrx_word' id='word_1_380' title='bbox 1239 2528 1388 2586; x_wconf 88' lang='lat' dir='ltr'><strong>venientes</strong></span> <span class='ocrx_word' id='word_1_381' title='bbox 1411 2530 1447 2585; x_wconf 89' lang='lat' dir='ltr'><strong>ad</strong></span> <span class='ocrx_word' id='word_1_382' title='bbox 1463 2527 1587 2602; x_wconf 81' lang='lat' dir='ltr'><strong>gradum</strong></span> <span class='ocrx_word' id='word_1_383' title='bbox 1604 2528 1759 2599; x_wconf 86' lang='lat' dir='ltr'><strong>inclinent,</strong></span> 
     </span>
     <span class='ocr_line' id='line_1_59' title="bbox 936 2616 1761 2689; baseline 0.005 -18"><span class='ocrx_word' id='word_1_384' title='bbox 936 2616 1294 2689; x_wconf 84' lang='lat' dir='ltr'><strong>inamploqueiavllstorlo</strong></span> <span class='ocrx_word' id='word_1_385' title='bbox 1319 2634 1420 2674; x_wconf 89' lang='lat' dir='ltr'><strong>rursus</strong></span> <span class='ocrx_word' id='word_1_386' title='bbox 1438 2618 1590 2685; x_wconf 89' lang='lat' dir='ltr'><strong>inclinent,</strong></span> <span class='ocrx_word' id='word_1_387' title='bbox 1607 2621 1636 2673; x_wconf 91' lang='lat' dir='ltr'><strong>ct</strong></span> <span class='ocrx_word' id='word_1_388' title='bbox 1650 2619 1693 2675; x_wconf 89' lang='lat' dir='ltr'><strong>slo</strong></span> <span class='ocrx_word' id='word_1_389' title='bbox 1707 2618 1761 2675; x_wconf 88' lang='lat' dir='ltr'><strong>de·</strong></span> 
     </span>
     <span class='ocr_line' id='line_1_60' title="bbox 937 2704 1760 2780; baseline 0.002 -20"><span class='ocrx_word' id='word_1_390' title='bbox 937 2705 1037 2778; x_wconf 88' lang='lat' dir='ltr'><strong>inceps</strong></span> <span class='ocrx_word' id='word_1_391' title='bbox 1049 2707 1083 2761; x_wconf 88' lang='lat' dir='ltr'><strong>ad</strong></span> <span class='ocrx_word' id='word_1_392' title='bbox 1094 2707 1183 2763; x_wconf 90' lang='lat' dir='ltr'><strong>linem</strong></span> <span class='ocrx_word' id='word_1_393' title='bbox 1194 2706 1379 2780; x_wconf 78' lang='lat' dir='ltr'><strong>singulorum</strong></span> <span class='ocrx_word' id='word_1_394' title='bbox 1399 2723 1533 2763; x_wconf 89' lang='lat' dir='ltr'><strong>versuum</strong></span> <span class='ocrx_word' id='word_1_395' title='bbox 1544 2711 1660 2762; x_wconf 90' lang='lat' dir='ltr'><strong>tantum</strong></span> <span class='ocrx_word' id='word_1_396' title='bbox 1673 2704 1760 2763; x_wconf 93' lang='lat' dir='ltr'><strong>incll·</strong></span> 
     </span>
     <span class='ocr_line' id='line_1_61' title="bbox 937 2794 1760 2867; baseline 0.001 -17"><span class='ocrx_word' id='word_1_397' title='bbox 937 2794 1538 2867; x_wconf 87' lang='lat' dir='ltr'><strong>nent.Postrepetitionemveroinvilatorii</strong></span> <span class='ocrx_word' id='word_1_398' title='bbox 1551 2797 1656 2853; x_wconf 91' lang='lat' dir='ltr'><strong>ilerum</strong></span> <span class='ocrx_word' id='word_1_399' title='bbox 1673 2794 1760 2851; x_wconf 87' lang='lat' dir='ltr'><strong>incli-</strong></span> 
     </span>
     <span class='ocr_line' id='line_1_62' title="bbox 937 2883 1759 2942; baseline 0.001 -3"><span class='ocrx_word' id='word_1_400' title='bbox 937 2887 1008 2940; x_wconf 91' lang='lat' dir='ltr'><strong>nent</strong></span> <span class='ocrx_word' id='word_1_401' title='bbox 1021 2890 1050 2939; x_wconf 90' lang='lat' dir='ltr'><strong>st</strong></span> <span class='ocrx_word' id='word_1_402' title='bbox 1065 2887 1107 2940; x_wconf 92' lang='lat' dir='ltr'><strong>sio</strong></span> <span class='ocrx_word' id='word_1_403' title='bbox 1122 2886 1242 2941; x_wconf 83' lang='lat' dir='ltr'><strong>redeant</strong></span> <span class='ocrx_word' id='word_1_404' title='bbox 1256 2883 1286 2941; x_wconf 92' lang='lat' dir='ltr'><strong>in</strong></span> <span class='ocrx_word' id='word_1_405' title='bbox 1302 2885 1435 2942; x_wconf 86' lang='lat' dir='ltr'><strong>ordinem</strong></span> <span class='ocrx_word' id='word_1_406' title='bbox 1457 2902 1557 2941; x_wconf 88' lang='lat' dir='ltr'><strong>auum.</strong></span> <span class='ocrx_word' id='word_1_407' title='bbox 1579 2884 1702 2940; x_wconf 91' lang='lat' dir='ltr'><strong>Privatis</strong></span> <span class='ocrx_word' id='word_1_408' title='bbox 1716 2889 1759 2940; x_wconf 86' lang='lat' dir='ltr'><strong>ta·</strong></span> 
     </span>
     <span class='ocr_line' id='line_1_63' title="bbox 938 2973 1760 3046; baseline 0.004 -18"><span class='ocrx_word' id='word_1_409' title='bbox 938 2973 1531 3046; x_wconf 86' lang='lat' dir='ltr'><strong>mendiebusquicaaitinvilalorium,non</strong></span> <span class='ocrx_word' id='word_1_410' title='bbox 1545 2973 1668 3031; x_wconf 89' lang='lat' dir='ltr'><strong>inclinet</strong></span> <span class='ocrx_word' id='word_1_411' title='bbox 1681 2978 1760 3031; x_wconf 90' lang='lat' dir='ltr'><strong>aute·</strong></span> 
     </span>
    </p>
   </div>
   <div class='ocr_carea' id='block_1_9' title="bbox 62 3039 1763 3137">
    <p class='ocr_par' dir='ltr' id='par_1_9' title="bbox 62 3039 1763 3137">
     <span class='ocr_line' id='line_1_64' title="bbox 62 3039 1763 3137; baseline 0.005 -26"><span class='ocrx_word' id='word_1_412' title='bbox 62 3050 187 3117; x_wconf 78' lang='lat' dir='ltr'><strong>Domini,</strong></span> <span class='ocrx_word' id='word_1_413' title='bbox 203 3059 229 3106; x_wconf 77' lang='lat' dir='ltr'><strong>tl</strong></span> <span class='ocrx_word' id='word_1_414' title='bbox 246 3049 275 3104; x_wconf 76' lang='lat' dir='ltr'><strong>in</strong></span> <span class='ocrx_word' id='word_1_415' title='bbox 292 3043 441 3103; x_wconf 85' lang='lat' dir='ltr'><strong>Dominica</strong></span> <span class='ocrx_word' id='word_1_416' title='bbox 457 3040 632 3098; x_wconf 52' lang='lat' dir='ltr'><strong>plumarum·</strong></span> <span class='ocrx_word' id='word_1_417' title='bbox 652 3039 737 3106; x_wconf 68' lang='lat'><strong>⁰⁰³⁸·</strong></span> <span class='ocrx_word' id='word_1_418' title='bbox 753 3053 818 3109; x_wconf 51' lang='grc' dir='ltr'><strong>(ΨΒ</strong></span> <span class='ocrx_word' id='word_1_419' title='bbox 842 3051 885 3091; x_wconf 60' lang='lat'><strong>‘⁰&#39;</strong></span> <span class='ocrx_word' id='word_1_420' title='bbox 939 3080 1028 3137; x_wconf 90' lang='lat' dir='ltr'><strong>quam</strong></span> <span class='ocrx_word' id='word_1_421' title='bbox 1044 3063 1270 3136; x_wconf 86' lang='lat' dir='ltr'><strong>illudincipiat:</strong></span> <span class='ocrx_word' id='word_1_422' title='bbox 1290 3065 1406 3122; x_wconf 80' lang='lat' dir='ltr'><strong>Fratres</strong></span> <span class='ocrx_word' id='word_1_423' title='bbox 1429 3082 1497 3122; x_wconf 91' lang='lat' dir='ltr'><strong>vero</strong></span> <span class='ocrx_word' id='word_1_424' title='bbox 1518 3065 1647 3123; x_wconf 86' lang='lat' dir='ltr'><strong>habeant</strong></span> <span class='ocrx_word' id='word_1_425' title='bbox 1661 3064 1763 3121; x_wconf 90' lang='lat' dir='ltr'><strong>vultus</strong></span> 
     </span>
    </p>
   </div>
   <div class='ocr_carea' id='block_1_10' title="bbox 62 3105 920 3211">
    <p class='ocr_par' dir='ltr' id='par_1_10' title="bbox 62 3105 920 3211">
     <span class='ocr_line' id='line_1_65' title="bbox 62 3105 920 3211; baseline -0.021 -14"><span class='ocrx_word' id='word_1_426' title='bbox 62 3147 150 3206; x_wconf 87' lang='lat' dir='ltr'><strong>stant,</strong></span> <span class='ocrx_word' id='word_1_427' title='bbox 165 3139 317 3211; x_wconf 88' lang='lat' dir='ltr'><strong>lampades</strong></span> <span class='ocrx_word' id='word_1_428' title='bbox 332 3132 543 3208; x_wconf 77' lang='lat' dir='ltr'><strong>potestbebera</strong></span> <span class='ocrx_word' id='word_1_429' title='bbox 559 3128 610 3203; x_wconf 92' lang='lat' dir='ltr'><strong>qui</strong></span> <span class='ocrx_word' id='word_1_430' title='bbox 626 3126 751 3184; x_wconf 87' lang='lat' dir='ltr'><strong>voluerit</strong></span> <span class='ocrx_word' id='word_1_431' title='bbox 766 3105 920 3199; x_wconf 68' lang='lat' dir='ltr'><strong>propiare</strong></span> 
     </span>
    </p>
   </div>
   <div class='ocr_carea' id='block_1_11' title="bbox 58 3216 888 3385">
    <p class='ocr_par' dir='ltr' id='par_1_11' title="bbox 58 3216 888 3385">
     <span class='ocr_line' id='line_1_66' title="bbox 59 3216 886 3301; baseline -0.023 -9"><span class='ocrx_word' id='word_1_432' title='bbox 59 3249 215 3292; x_wconf 89' lang='lat' dir='ltr'><strong>conversos</strong></span> <span class='ocrx_word' id='word_1_433' title='bbox 226 3236 256 3288; x_wconf 88' lang='lat' dir='ltr'><strong>et</strong></span> <span class='ocrx_word' id='word_1_434' title='bbox 266 3228 442 3301; x_wconf 87' lang='lat' dir='ltr'><strong>hospites,et</strong></span> <span class='ocrx_word' id='word_1_435' title='bbox 453 3221 612 3280; x_wconf 85' lang='lat' dir='ltr'><strong>accendere</strong></span> <span class='ocrx_word' id='word_1_436' title='bbox 623 3219 739 3292; x_wconf 89' lang='lat' dir='ltr'><strong>quando</strong></span> <span class='ocrx_word' id='word_1_437' title='bbox 750 3216 886 3275; x_wconf 88' lang='lat' dir='ltr'><strong>voluerit.</strong></span> 
     </span>
     <span class='ocr_line' id='line_1_67' title="bbox 58 3308 888 3385; baseline -0.022 -2"><span class='ocrx_word' id='word_1_438' title='bbox 58 3326 113 3383; x_wconf 89' lang='lat' dir='ltr'><strong>Ubi</strong></span> <span class='ocrx_word' id='word_1_439' title='bbox 128 3329 227 3380; x_wconf 67' lang='lat' dir='ltr'><strong>umen</strong></span> <span class='ocrx_word' id='word_1_440' title='bbox 241 3333 360 3377; x_wconf 90' lang='lat' dir='ltr'><strong>necesse</strong></span> <span class='ocrx_word' id='word_1_441' title='bbox 375 3315 473 3385; x_wconf 83' lang='lat' dir='ltr'><strong>tuerit,</strong></span> <span class='ocrx_word' id='word_1_442' title='bbox 489 3312 572 3370; x_wconf 86' lang='lat' dir='ltr'><strong>liccat</strong></span> <span class='ocrx_word' id='word_1_443' title='bbox 584 3310 681 3385; x_wconf 90' lang='lat' dir='ltr'><strong>plures</strong></span> <span class='ocrx_word' id='word_1_444' title='bbox 696 3308 803 3366; x_wconf 87' lang='lat' dir='ltr'><strong>babere</strong></span> <span class='ocrx_word' id='word_1_445' title='bbox 820 3325 888 3382; x_wconf 90' lang='lat' dir='ltr'><strong>pro·</strong></span> 
     </span>
    </p>
   </div>
   <div class='ocr_carea' id='block_1_12' title="bbox 940 3154 1765 3408">
    <p class='ocr_par' dir='ltr' id='par_1_12' title="bbox 940 3154 1765 3408">
     <span class='ocr_line' id='line_1_68' title="bbox 940 3154 1763 3228; baseline 0.004 -19"><span class='ocrx_word' id='word_1_446' title='bbox 940 3154 976 3209; x_wconf 89' lang='lat' dir='ltr'><strong>ed</strong></span> <span class='ocrx_word' id='word_1_447' title='bbox 992 3156 1124 3210; x_wconf 84' lang='lat' dir='ltr'><strong>altarsex</strong></span> <span class='ocrx_word' id='word_1_448' title='bbox 1136 3170 1195 3226; x_wconf 90' lang='lat' dir='ltr'><strong>quo</strong></span> <span class='ocrx_word' id='word_1_449' title='bbox 1217 3154 1413 3211; x_wconf 86' lang='lat' dir='ltr'><strong>invitatoriam</strong></span> <span class='ocrx_word' id='word_1_450' title='bbox 1426 3155 1576 3228; x_wconf 86' lang='lat' dir='ltr'><strong>incipitur,</strong></span> <span class='ocrx_word' id='word_1_451' title='bbox 1591 3159 1683 3213; x_wconf 89' lang='lat' dir='ltr'><strong>donec</strong></span> <span class='ocrx_word' id='word_1_452' title='bbox 1699 3154 1763 3212; x_wconf 88' lang='lat' dir='ltr'><strong>Glo-</strong></span> 
     </span>
     <span class='ocr_line' id='line_1_69' title="bbox 943 3244 1765 3310; baseline 0.007 -12"><span class='ocrx_word' id='word_1_453' title='bbox 943 3246 990 3300; x_wconf 90' lang='lat' dir='ltr'><strong>ria</strong></span> <span class='ocrx_word' id='word_1_454' title='bbox 1002 3245 1086 3300; x_wconf 81' lang='lat' dir='ltr'><strong>Patri</strong></span> <span class='ocrx_word' id='word_1_455' title='bbox 1099 3245 1334 3310; x_wconf 87' lang='lat' dir='ltr'><strong>dicatur,ettunc</strong></span> <span class='ocrx_word' id='word_1_456' title='bbox 1345 3244 1522 3301; x_wconf 90' lang='lat' dir='ltr'><strong>humilietse</strong></span> <span class='ocrx_word' id='word_1_457' title='bbox 1540 3245 1648 3301; x_wconf 87' lang='lat' dir='ltr'><strong>chorus</strong></span> <span class='ocrx_word' id='word_1_458' title='bbox 1662 3251 1765 3304; x_wconf 84' lang='lat' dir='ltr'><strong>contre</strong></span> 
     </span>
     <span class='ocr_line' id='line_1_70' title="bbox 941 3333 1765 3408; baseline 0.001 -16"><span class='ocrx_word' id='word_1_459' title='bbox 941 3334 1064 3392; x_wconf 85' lang='lat' dir='ltr'><strong>oboram</strong></span> <span class='ocrx_word' id='word_1_460' title='bbox 1077 3349 1171 3406; x_wconf 89' lang='lat' dir='ltr'><strong>usqae</strong></span> <span class='ocrx_word' id='word_1_461' title='bbox 1183 3335 1219 3390; x_wconf 88' lang='lat' dir='ltr'><strong>sd</strong></span> <span class='ocrx_word' id='word_1_462' title='bbox 1230 3333 1308 3390; x_wconf 83' lang='lat' dir='ltr'><strong>Sicut</strong></span> <span class='ocrx_word' id='word_1_463' title='bbox 1321 3339 1381 3391; x_wconf 88' lang='lat' dir='ltr'><strong>erat</strong></span> <span class='ocrx_word' id='word_1_464' title='bbox 1390 3336 1421 3390; x_wconf 89' lang='lat' dir='ltr'><strong>iu</strong></span> <span class='ocrx_word' id='word_1_465' title='bbox 1430 3337 1581 3407; x_wconf 86' lang='lat' dir='ltr'><strong>principio.</strong></span> <span class='ocrx_word' id='word_1_466' title='bbox 1597 3336 1765 3408; x_wconf 82' lang='lat' dir='ltr'><strong>Eodemque</strong></span> 
     </span>
    </p>
   </div>
   <div class='ocr_carea' id='block_1_13' title="bbox 55 3408 605 3537">
    <p class='ocr_par' dir='ltr' id='par_1_13' title="bbox 55 3408 605 3537">
     <span class='ocr_line' id='line_1_71' title="bbox 55 3408 403 3490; baseline -0.029 -18"><span class='ocrx_word' id='word_1_467' title='bbox 55 3420 121 3490; x_wconf 93' lang='lat' dir='ltr'><strong>pler</strong></span> <span class='ocrx_word' id='word_1_468' title='bbox 138 3412 271 3486; x_wconf 85' lang='lat' dir='ltr'><strong>privatas</strong></span> <span class='ocrx_word' id='word_1_469' title='bbox 287 3408 403 3466; x_wconf 89' lang='lat' dir='ltr'><strong>missae.</strong></span> 
     </span>
     <span class='ocr_line' id='line_1_72' title="bbox 341 3473 605 3537; baseline -0.03 0"><span class='ocrx_word' id='word_1_470' title='bbox 341 3475 459 3537; x_wconf 67' lang='lat' dir='ltr'><strong>ancill*</strong></span> <span class='ocrx_word' id='word_1_471' title='bbox 480 3473 605 3531; x_wconf 85' lang='lat' dir='ltr'><strong>LiiVlll.</strong></span> 
     </span>
    </p>
   </div>
   <div class='ocr_carea' id='block_1_14' title="bbox 99 3562 851 3695">
    <p class='ocr_par' dir='ltr' id='par_1_14' title="bbox 99 3562 851 3695">
     <span class='ocr_line' id='line_1_73' title="bbox 99 3562 851 3695; baseline -0.021 -62"><span class='ocrx_word' id='word_1_472' title='bbox 99 3576 226 3646; x_wconf 82' lang='lat' dir='ltr'><strong>Qualiter</strong></span> <span class='ocrx_word' id='word_1_473' title='bbox 249 3589 279 3631; x_wconf 82' lang='lat' dir='ltr'><strong>ae</strong></span> <span class='ocrx_word' id='word_1_474' title='bbox 293 3571 414 3628; x_wconf 77' lang='lat' dir='ltr'><strong>labeant</strong></span> <span class='ocrx_word' id='word_1_475' title='bbox 427 3569 536 3695; x_wconf 50' lang='lat' dir='ltr'><strong>dfragres</strong></span> <span class='ocrx_word' id='word_1_476' title='bbox 557 3564 709 3622; x_wconf 83' lang='lat' dir='ltr'><strong>Dominicis</strong></span> <span class='ocrx_word' id='word_1_477' title='bbox 731 3566 757 3620; x_wconf 87' lang='lat' dir='ltr'><strong>et</strong></span> <span class='ocrx_word' id='word_1_478' title='bbox 771 3562 851 3637; x_wconf 72' lang='lat' dir='ltr'><strong>tertia</strong></span> 
     </span>
     <span class='ocr_line' id='line_1_74' title="bbox 446 3654 533 3695; baseline 0 -1"><span class='ocrx_word' id='word_1_479' title='bbox 446 3656 472 3695; x_wconf 82' lang='lat' dir='ltr'><strong>re</strong></span> <span class='ocrx_word' id='word_1_480' title='bbox 490 3654 533 3694; x_wconf 80' lang='lat' dir='ltr'><strong>us.</strong></span> 
     </span>
    </p>
   </div>
   <div class='ocr_carea' id='block_1_15' title="bbox 68 3725 890 3887">
    <p class='ocr_par' dir='ltr' id='par_1_15' title="bbox 68 3725 890 3887">
     <span class='ocr_line' id='line_1_75' title="bbox 103 3725 890 3808; baseline -0.024 -12"><span class='ocrx_word' id='word_1_481' title='bbox 103 3734 208 3795; x_wconf 72' lang='lat' dir='ltr'><strong>Audito</strong></span> <span class='ocrx_word' id='word_1_482' title='bbox 223 3735 307 3808; x_wconf 79' lang='lat' dir='ltr'><strong>signo</strong></span> <span class='ocrx_word' id='word_1_483' title='bbox 322 3732 356 3786; x_wconf 89' lang='lat' dir='ltr'><strong>sd</strong></span> <span class='ocrx_word' id='word_1_484' title='bbox 368 3726 490 3801; x_wconf 75' lang='lat' dir='ltr'><strong>vigilias</strong></span> <span class='ocrx_word' id='word_1_485' title='bbox 506 3729 629 3798; x_wconf 80' lang='lat' dir='ltr'><strong>surgant</strong></span> <span class='ocrx_word' id='word_1_486' title='bbox 646 3725 761 3792; x_wconf 90' lang='lat' dir='ltr'><strong>lrstres,</strong></span> <span class='ocrx_word' id='word_1_487' title='bbox 778 3736 890 3794; x_wconf 80' lang='lat' dir='ltr'><strong>prapa-</strong></span> 
     </span>
     <span class='ocr_line' id='line_1_76' title="bbox 68 3809 890 3887; baseline -0.026 -1"><span class='ocrx_word' id='word_1_488' title='bbox 68 3828 121 3887; x_wconf 88' lang='lat' dir='ltr'><strong>rali</strong></span> <span class='ocrx_word' id='word_1_489' title='bbox 138 3829 246 3883; x_wconf 89' lang='lat' dir='ltr'><strong>intrent</strong></span> <span class='ocrx_word' id='word_1_490' title='bbox 260 3820 413 3879; x_wconf 86' lang='lat' dir='ltr'><strong>ecclesiam</strong></span> <span class='ocrx_word' id='word_1_491' title='bbox 429 3815 605 3872; x_wconf 85' lang='lat' dir='ltr'><strong>inclinantes</strong></span> <span class='ocrx_word' id='word_1_492' title='bbox 620 3813 656 3869; x_wconf 86' lang='lat' dir='ltr'><strong>ad</strong></span> <span class='ocrx_word' id='word_1_493' title='bbox 673 3813 802 3885; x_wconf 91' lang='lat' dir='ltr'><strong>primum</strong></span> <span class='ocrx_word' id='word_1_494' title='bbox 816 3809 890 3866; x_wconf 84' lang='lat' dir='ltr'><strong>alla·</strong></span> 
     </span>
    </p>
   </div>
   <div class='ocr_carea' id='block_1_16' title="bbox 67 3897 1768 4065">
    <p class='ocr_par' dir='ltr' id='par_1_16' title="bbox 67 3897 1768 4065">
     <span class='ocr_line' id='line_1_77' title="bbox 67 3897 891 3987; baseline -0.024 -12"><span class='ocrx_word' id='word_1_495' title='bbox 67 3925 128 3975; x_wconf 83' lang='lat' dir='ltr'><strong>tere</strong></span> <span class='ocrx_word' id='word_1_496' title='bbox 144 3933 151 3971; x_wconf 77' lang='lat' dir='ltr'><strong>t</strong></span> <span class='ocrx_word' id='word_1_497' title='bbox 168 3913 245 3987; x_wconf 91' lang='lat' dir='ltr'><strong>quad</strong></span> <span class='ocrx_word' id='word_1_498' title='bbox 263 3925 380 3983; x_wconf 88' lang='lat' dir='ltr'><strong>semper</strong></span> <span class='ocrx_word' id='word_1_499' title='bbox 393 3906 510 3969; x_wconf 83' lang='lat' dir='ltr'><strong>iaciant,</strong></span> <span class='ocrx_word' id='word_1_500' title='bbox 524 3901 639 3974; x_wconf 89' lang='lat' dir='ltr'><strong>quoties</strong></span> <span class='ocrx_word' id='word_1_501' title='bbox 650 3916 747 3958; x_wconf 90' lang='lat' dir='ltr'><strong>coram</strong></span> <span class='ocrx_word' id='word_1_502' title='bbox 759 3897 891 3971; x_wconf 89' lang='lat' dir='ltr'><strong>quolibet</strong></span> 
     </span>
     <span class='ocr_line' id='line_1_78' title="bbox 68 3980 1768 4065; baseline -0.014 -1"><span class='ocrx_word' id='word_1_503' title='bbox 68 4006 152 4065; x_wconf 89' lang='lat' dir='ltr'><strong>altari</strong></span> <span class='ocrx_word' id='word_1_504' title='bbox 170 4004 340 4060; x_wconf 86' lang='lat' dir='ltr'><strong>transeunt:</strong></span> <span class='ocrx_word' id='word_1_505' title='bbox 356 4002 385 4055; x_wconf 92' lang='lat' dir='ltr'><strong>et</strong></span> <span class='ocrx_word' id='word_1_506' title='bbox 395 4010 499 4052; x_wconf 88' lang='lat' dir='ltr'><strong>rursus</strong></span> <span class='ocrx_word' id='word_1_507' title='bbox 513 3991 687 4049; x_wconf 85' lang='lat' dir='ltr'><strong>inclinantes</strong></span> <span class='ocrx_word' id='word_1_508' title='bbox 697 3989 733 4046; x_wconf 90' lang='lat' dir='ltr'><strong>ad</strong></span> <span class='ocrx_word' id='word_1_509' title='bbox 746 3987 891 4059; x_wconf 80' lang='lat' dir='ltr'><strong>malasci·</strong></span> <span class='ocrx_word' id='word_1_510' title='bbox 980 3982 1076 4039; x_wconf 88' lang='lat' dir='ltr'><strong>llbbss</strong></span> <span class='ocrx_word' id='word_1_511' title='bbox 1092 3997 1161 4038; x_wconf 91' lang='lat' dir='ltr'><strong>vero</strong></span> <span class='ocrx_word' id='word_1_512' title='bbox 1175 3982 1201 4039; x_wconf 93' lang='lat' dir='ltr'><strong>si</strong></span> <span class='ocrx_word' id='word_1_513' title='bbox 1225 3981 1362 4038; x_wconf 85' lang='lat' dir='ltr'><strong>acciderit</strong></span> <span class='ocrx_word' id='word_1_514' title='bbox 1388 3984 1422 4038; x_wconf 91' lang='lat' dir='ltr'><strong>ut</strong></span> <span class='ocrx_word' id='word_1_515' title='bbox 1436 3980 1472 4038; x_wconf 90' lang='lat' dir='ltr'><strong>sd</strong></span> <span class='ocrx_word' id='word_1_516' title='bbox 1485 3982 1582 4039; x_wconf 81' lang='lat' dir='ltr'><strong>Gloria</strong></span> <span class='ocrx_word' id='word_1_517' title='bbox 1592 3987 1658 4056; x_wconf 91' lang='lat' dir='ltr'><strong>post</strong></span> <span class='ocrx_word' id='word_1_518' title='bbox 1675 3984 1768 4041; x_wconf 80' lang='lat' dir='ltr'><strong>Venite</strong></span> 
     </span>
    </p>
   </div>
   <div class='ocr_carea' id='block_1_17' title="bbox 59 4070 1769 5688">
    <p class='ocr_par' dir='ltr' id='par_1_17' title="bbox 59 4070 1769 5688">
     <span class='ocr_line' id='line_1_79' title="bbox 67 4070 1768 4164; baseline -0.012 -10"><span class='ocrx_word' id='word_1_519' title='bbox 67 4103 140 4164; x_wconf 89' lang='lat' dir='ltr'><strong>tare,</strong></span> <span class='ocrx_word' id='word_1_520' title='bbox 157 4095 268 4150; x_wconf 88' lang='lat' dir='ltr'><strong>intrent</strong></span> <span class='ocrx_word' id='word_1_521' title='bbox 279 4090 401 4148; x_wconf 90' lang='lat' dir='ltr'><strong>cborum</strong></span> <span class='ocrx_word' id='word_1_522' title='bbox 417 4103 434 4142; x_wconf 84' lang='lat' dir='ltr'><strong>a</strong></span> <span class='ocrx_word' id='word_1_523' title='bbox 448 4081 591 4156; x_wconf 90' lang='lat' dir='ltr'><strong>superiori</strong></span> <span class='ocrx_word' id='word_1_524' title='bbox 603 4085 694 4154; x_wconf 88' lang='lat' dir='ltr'><strong>parte.</strong></span> <span class='ocrx_word' id='word_1_525' title='bbox 711 4078 783 4134; x_wconf 89' lang='lat' dir='ltr'><strong>Nam</strong></span> <span class='ocrx_word' id='word_1_526' title='bbox 799 4078 889 4134; x_wconf 89' lang='lat' dir='ltr'><strong>abin·</strong></span> <span class='ocrx_word' id='word_1_527' title='bbox 945 4090 1002 4132; x_wconf 89' lang='lat' dir='ltr'><strong>uon</strong></span> <span class='ocrx_word' id='word_1_528' title='bbox 1017 4075 1160 4141; x_wconf 88' lang='lat' dir='ltr'><strong>occurrat,</strong></span> <span class='ocrx_word' id='word_1_529' title='bbox 1180 4070 1341 4129; x_wconf 75' lang='lat' dir='ltr'><strong>satisfaciat</strong></span> <span class='ocrx_word' id='word_1_530' title='bbox 1371 4081 1437 4128; x_wconf 83' lang='lat' dir='ltr'><strong>ante</strong></span> <span class='ocrx_word' id='word_1_531' title='bbox 1462 4072 1673 4146; x_wconf 81' lang='lat' dir='ltr'><strong>presbyterium</strong></span> <span class='ocrx_word' id='word_1_532' title='bbox 1689 4074 1768 4133; x_wconf 90' lang='lat' dir='ltr'><strong>sicat</strong></span> 
     </span>
     <span class='ocr_line' id='line_1_80' title="bbox 68 4160 1766 4244; baseline -0.013 -1"><span class='ocrx_word' id='word_1_533' title='bbox 68 4185 165 4244; x_wconf 81' lang='lat' dir='ltr'><strong>teriori</strong></span> <span class='ocrx_word' id='word_1_534' title='bbox 183 4199 239 4240; x_wconf 91' lang='lat' dir='ltr'><strong>non</strong></span> <span class='ocrx_word' id='word_1_535' title='bbox 251 4180 344 4238; x_wconf 90' lang='lat' dir='ltr'><strong>solent</strong></span> <span class='ocrx_word' id='word_1_536' title='bbox 359 4178 479 4239; x_wconf 85' lang='lat' dir='ltr'><strong>intrare,</strong></span> <span class='ocrx_word' id='word_1_537' title='bbox 497 4188 548 4229; x_wconf 90' lang='lat' dir='ltr'><strong>nec</strong></span> <span class='ocrx_word' id='word_1_538' title='bbox 562 4171 647 4228; x_wconf 86' lang='lat' dir='ltr'><strong>eliam</strong></span> <span class='ocrx_word' id='word_1_539' title='bbox 663 4167 752 4239; x_wconf 86' lang='lat' dir='ltr'><strong>exire,</strong></span> <span class='ocrx_word' id='word_1_540' title='bbox 772 4167 890 4239; x_wconf 88' lang='lat' dir='ltr'><strong>quando</strong></span> <span class='ocrx_word' id='word_1_541' title='bbox 945 4161 1063 4220; x_wconf 87' lang='lat' dir='ltr'><strong>soletad</strong></span> <span class='ocrx_word' id='word_1_542' title='bbox 1074 4160 1147 4218; x_wconf 87' lang='lat' dir='ltr'><strong>alias</strong></span> <span class='ocrx_word' id='word_1_543' title='bbox 1155 4160 1319 4219; x_wconf 89' lang='lat' dir='ltr'><strong>horescam</strong></span> <span class='ocrx_word' id='word_1_544' title='bbox 1331 4162 1365 4216; x_wconf 90' lang='lat' dir='ltr'><strong>ad</strong></span> <span class='ocrx_word' id='word_1_545' title='bbox 1377 4160 1470 4219; x_wconf 85' lang='lat' dir='ltr'><strong>Gloria</strong></span> <span class='ocrx_word' id='word_1_546' title='bbox 1486 4163 1572 4235; x_wconf 92' lang='lat' dir='ltr'><strong>primi</strong></span> <span class='ocrx_word' id='word_1_547' title='bbox 1589 4163 1693 4236; x_wconf 90' lang='lat' dir='ltr'><strong>psalmi</strong></span> <span class='ocrx_word' id='word_1_548' title='bbox 1707 4181 1766 4222; x_wconf 90' lang='lat' dir='ltr'><strong>non</strong></span> 
     </span>
     <span class='ocr_line' id='line_1_81' title="bbox 67 4250 1766 4350; baseline -0.012 -18"><span class='ocrx_word' id='word_1_549' title='bbox 67 4276 178 4350; x_wconf 89' lang='lat' dir='ltr'><strong>priores</strong></span> <span class='ocrx_word' id='word_1_550' title='bbox 199 4276 279 4329; x_wconf 89' lang='lat' dir='ltr'><strong>stant</strong></span> <span class='ocrx_word' id='word_1_551' title='bbox 295 4271 323 4325; x_wconf 93' lang='lat' dir='ltr'><strong>ln</strong></span> <span class='ocrx_word' id='word_1_552' title='bbox 339 4269 427 4325; x_wconf 88' lang='lat' dir='ltr'><strong>choro</strong></span> <span class='ocrx_word' id='word_1_553' title='bbox 442 4266 578 4320; x_wconf 86' lang='lat' dir='ltr'><strong>deorsum</strong></span> <span class='ocrx_word' id='word_1_554' title='bbox 596 4264 700 4332; x_wconf 81' lang='lat' dir='ltr'><strong>prater</strong></span> <span class='ocrx_word' id='word_1_555' title='bbox 713 4257 848 4313; x_wconf 88' lang='lat' dir='ltr'><strong>abbatom</strong></span> <span class='ocrx_word' id='word_1_556' title='bbox 861 4257 891 4312; x_wconf 89' lang='lat' dir='ltr'><strong>et</strong></span> <span class='ocrx_word' id='word_1_557' title='bbox 944 4252 1072 4308; x_wconf 89' lang='lat' dir='ltr'><strong>occurrit</strong></span> <span class='ocrx_word' id='word_1_558' title='bbox 1088 4254 1115 4306; x_wconf 87' lang='lat' dir='ltr'><strong>et</strong></span> <span class='ocrx_word' id='word_1_559' title='bbox 1131 4251 1166 4307; x_wconf 91' lang='lat' dir='ltr'><strong>ad</strong></span> <span class='ocrx_word' id='word_1_560' title='bbox 1180 4250 1300 4308; x_wconf 90' lang='lat' dir='ltr'><strong>stallum</strong></span> <span class='ocrx_word' id='word_1_561' title='bbox 1311 4267 1399 4307; x_wconf 85' lang='lat' dir='ltr'><strong>suam</strong></span> <span class='ocrx_word' id='word_1_562' title='bbox 1416 4252 1593 4310; x_wconf 86' lang='lat' dir='ltr'><strong>renisl.Post</strong></span> <span class='ocrx_word' id='word_1_563' title='bbox 1605 4254 1766 4312; x_wconf 89' lang='lat' dir='ltr'><strong>inchoatio·</strong></span> 
     </span>
     <span class='ocr_line' id='line_1_82' title="bbox 66 4340 1767 4441; baseline -0.013 -19"><span class='ocrx_word' id='word_1_564' title='bbox 66 4368 235 4441; x_wconf 87' lang='lat' dir='ltr'><strong>priorem,et</strong></span> <span class='ocrx_word' id='word_1_565' title='bbox 246 4360 318 4418; x_wconf 89' lang='lat' dir='ltr'><strong>alios</strong></span> <span class='ocrx_word' id='word_1_566' title='bbox 330 4358 380 4431; x_wconf 91' lang='lat' dir='ltr'><strong>qai</strong></span> <span class='ocrx_word' id='word_1_567' title='bbox 392 4373 425 4412; x_wconf 84' lang='lat' dir='ltr'><strong>en</strong></span> <span class='ocrx_word' id='word_1_568' title='bbox 438 4360 561 4426; x_wconf 88' lang='lat' dir='ltr'><strong>utraque</strong></span> <span class='ocrx_word' id='word_1_569' title='bbox 574 4353 654 4424; x_wconf 86' lang='lat' dir='ltr'><strong>parts</strong></span> <span class='ocrx_word' id='word_1_570' title='bbox 667 4345 890 4421; x_wconf 87' lang='lat' dir='ltr'><strong>propinquiores</strong></span> <span class='ocrx_word' id='word_1_571' title='bbox 944 4357 1010 4398; x_wconf 92' lang='lat' dir='ltr'><strong>nem</strong></span> <span class='ocrx_word' id='word_1_572' title='bbox 1022 4357 1089 4397; x_wconf 79' lang='lat' dir='ltr'><strong>nero</strong></span> <span class='ocrx_word' id='word_1_573' title='bbox 1101 4340 1212 4413; x_wconf 78' lang='lat' dir='ltr'><strong>hymni,</strong></span> <span class='ocrx_word' id='word_1_574' title='bbox 1229 4340 1328 4397; x_wconf 90' lang='lat' dir='ltr'><strong>nullus</strong></span> <span class='ocrx_word' id='word_1_575' title='bbox 1344 4345 1427 4398; x_wconf 85' lang='lat' dir='ltr'><strong>exeat</strong></span> <span class='ocrx_word' id='word_1_576' title='bbox 1439 4342 1473 4399; x_wconf 92' lang='lat' dir='ltr'><strong>ds</strong></span> <span class='ocrx_word' id='word_1_577' title='bbox 1484 4342 1573 4400; x_wconf 87' lang='lat' dir='ltr'><strong>choro</strong></span> <span class='ocrx_word' id='word_1_578' title='bbox 1583 4343 1767 4402; x_wconf 88' lang='lat' dir='ltr'><strong>donecllnis·</strong></span> 
     </span>
     <span class='ocr_line' id='line_1_83' title="bbox 66 4430 1766 4545; baseline -0.015 -33"><span class='ocrx_word' id='word_1_579' title='bbox 66 4461 163 4511; x_wconf 89' lang='lat' dir='ltr'><strong>astent</strong></span> <span class='ocrx_word' id='word_1_580' title='bbox 192 4450 291 4508; x_wconf 87' lang='lat' dir='ltr'><strong>abbati</strong></span> <span class='ocrx_word' id='word_1_581' title='bbox 320 4446 362 4504; x_wconf 90' lang='lat' dir='ltr'><strong>vel</strong></span> <span class='ocrx_word' id='word_1_582' title='bbox 392 4443 492 4517; x_wconf 89' lang='lat' dir='ltr'><strong>priori.</strong></span> <span class='ocrx_word' id='word_1_583' title='bbox 522 4440 611 4496; x_wconf 88' lang='lat' dir='ltr'><strong>Porro</strong></span> <span class='ocrx_word' id='word_1_584' title='bbox 626 4439 730 4494; x_wconf 89' lang='lat' dir='ltr'><strong>abbate</strong></span> <span class='ocrx_word' id='word_1_585' title='bbox 746 4435 1002 4545; x_wconf 68' lang='lat' dir='ltr'><strong>praesentantur,</strong></span> <span class='ocrx_word' id='word_1_586' title='bbox 1017 4434 1138 4502; x_wconf 82' lang='lat' dir='ltr'><strong>excepto</strong></span> <span class='ocrx_word' id='word_1_587' title='bbox 1149 4446 1201 4504; x_wconf 89' lang='lat' dir='ltr'><strong>pro</strong></span> <span class='ocrx_word' id='word_1_588' title='bbox 1215 4430 1375 4487; x_wconf 87' lang='lat' dir='ltr'><strong>inevitabili</strong></span> <span class='ocrx_word' id='word_1_589' title='bbox 1388 4432 1546 4489; x_wconf 87' lang='lat' dir='ltr'><strong>causa.Sed</strong></span> <span class='ocrx_word' id='word_1_590' title='bbox 1559 4434 1696 4504; x_wconf 88' lang='lat' dir='ltr'><strong>nequead</strong></span> <span class='ocrx_word' id='word_1_591' title='bbox 1709 4448 1766 4488; x_wconf 83' lang='lat' dir='ltr'><strong>crs·</strong></span> 
     </span>
     <span class='ocr_line' id='line_1_84' title="bbox 64 4520 1766 4602; baseline -0.016 0"><span class='ocrx_word' id='word_1_592' title='bbox 64 4546 108 4602; x_wconf 86' lang='lat' dir='ltr'><strong>vel</strong></span> <span class='ocrx_word' id='word_1_593' title='bbox 125 4544 212 4601; x_wconf 90' lang='lat' dir='ltr'><strong>etiam</strong></span> <span class='ocrx_word' id='word_1_594' title='bbox 227 4544 346 4598; x_wconf 82' lang='lat' dir='ltr'><strong>absente</strong></span> <span class='ocrx_word' id='word_1_595' title='bbox 361 4542 421 4593; x_wconf 89' lang='lat' dir='ltr'><strong>lam</strong></span> <span class='ocrx_word' id='word_1_596' title='bbox 431 4535 468 4591; x_wconf 90' lang='lat' dir='ltr'><strong>ab</strong></span> <span class='ocrx_word' id='word_1_597' title='bbox 478 4531 606 4590; x_wconf 84' lang='lat' dir='ltr'><strong>interiori</strong></span> <span class='ocrx_word' id='word_1_598' title='bbox 618 4544 705 4601; x_wconf 89' lang='lat' dir='ltr'><strong>quam</strong></span> <span class='ocrx_word' id='word_1_599' title='bbox 718 4522 888 4597; x_wconf 87' lang='lat' dir='ltr'><strong>asaperiori</strong></span> <span class='ocrx_word' id='word_1_600' title='bbox 944 4526 1021 4577; x_wconf 88' lang='lat' dir='ltr'><strong>leros</strong></span> <span class='ocrx_word' id='word_1_601' title='bbox 1035 4520 1170 4594; x_wconf 73' lang='lat' dir='ltr'><strong>hymnos,</strong></span> <span class='ocrx_word' id='word_1_602' title='bbox 1186 4525 1304 4592; x_wconf 85' lang='lat' dir='ltr'><strong>excepto</strong></span> <span class='ocrx_word' id='word_1_603' title='bbox 1319 4521 1380 4577; x_wconf 83' lang='lat' dir='ltr'><strong>iam</strong></span> <span class='ocrx_word' id='word_1_604' title='bbox 1395 4521 1465 4577; x_wconf 82' lang='lat' dir='ltr'><strong>lucia</strong></span> <span class='ocrx_word' id='word_1_605' title='bbox 1480 4526 1539 4578; x_wconf 90' lang='lat' dir='ltr'><strong>orto</strong></span> <span class='ocrx_word' id='word_1_606' title='bbox 1551 4523 1653 4583; x_wconf 77' lang='lat' dir='ltr'><strong>sidere,</strong></span> <span class='ocrx_word' id='word_1_607' title='bbox 1670 4536 1766 4593; x_wconf 90' lang='lat' dir='ltr'><strong>quan·</strong></span> 
     </span>
     <span class='ocr_line' id='line_1_85' title="bbox 66 4608 1765 4710; baseline -0.016 -18"><span class='ocrx_word' id='word_1_608' title='bbox 66 4642 148 4710; x_wconf 86' lang='lat' dir='ltr'><strong>parte</strong></span> <span class='ocrx_word' id='word_1_609' title='bbox 160 4639 201 4691; x_wconf 89' lang='lat' dir='ltr'><strong>tot</strong></span> <span class='ocrx_word' id='word_1_610' title='bbox 214 4636 322 4688; x_wconf 88' lang='lat' dir='ltr'><strong>intrent</strong></span> <span class='ocrx_word' id='word_1_611' title='bbox 332 4626 376 4684; x_wconf 85' lang='lat' dir='ltr'><strong>vel</strong></span> <span class='ocrx_word' id='word_1_612' title='bbox 387 4629 501 4690; x_wconf 85' lang='lat' dir='ltr'><strong>exeant,</strong></span> <span class='ocrx_word' id='word_1_613' title='bbox 512 4629 541 4677; x_wconf 91' lang='lat' dir='ltr'><strong>et</strong></span> <span class='ocrx_word' id='word_1_614' title='bbox 554 4622 630 4677; x_wconf 90' lang='lat' dir='ltr'><strong>inter</strong></span> <span class='ocrx_word' id='word_1_615' title='bbox 645 4614 763 4675; x_wconf 88' lang='lat' dir='ltr'><strong>stallum</strong></span> <span class='ocrx_word' id='word_1_616' title='bbox 775 4616 889 4672; x_wconf 86' lang='lat' dir='ltr'><strong>abbatis</strong></span> <span class='ocrx_word' id='word_1_617' title='bbox 944 4611 981 4666; x_wconf 88' lang='lat' dir='ltr'><strong>do</strong></span> <span class='ocrx_word' id='word_1_618' title='bbox 994 4616 1060 4683; x_wconf 91' lang='lat' dir='ltr'><strong>post</strong></span> <span class='ocrx_word' id='word_1_619' title='bbox 1074 4608 1236 4666; x_wconf 87' lang='lat' dir='ltr'><strong>matutinas</strong></span> <span class='ocrx_word' id='word_1_620' title='bbox 1251 4609 1315 4665; x_wconf 94' lang='lat' dir='ltr'><strong>sine</strong></span> <span class='ocrx_word' id='word_1_621' title='bbox 1336 4608 1489 4665; x_wconf 86' lang='lat' dir='ltr'><strong>intervallo</strong></span> <span class='ocrx_word' id='word_1_622' title='bbox 1506 4610 1603 4666; x_wconf 82' lang='lat' dir='ltr'><strong>Prima</strong></span> <span class='ocrx_word' id='word_1_623' title='bbox 1618 4615 1765 4667; x_wconf 88' lang='lat' dir='ltr'><strong>cantatur.</strong></span> 
     </span>
     <span class='ocr_line' id='line_1_86' title="bbox 65 4698 1767 4799; baseline -0.017 -16"><span class='ocrx_word' id='word_1_624' title='bbox 65 4731 93 4783; x_wconf 91' lang='lat' dir='ltr'><strong>el</strong></span> <span class='ocrx_word' id='word_1_625' title='bbox 109 4723 214 4799; x_wconf 90' lang='lat' dir='ltr'><strong>prioris</strong></span> <span class='ocrx_word' id='word_1_626' title='bbox 232 4727 289 4779; x_wconf 89' lang='lat' dir='ltr'><strong>tarn</strong></span> <span class='ocrx_word' id='word_1_627' title='bbox 307 4720 342 4776; x_wconf 91' lang='lat' dir='ltr'><strong>ad</strong></span> <span class='ocrx_word' id='word_1_628' title='bbox 359 4731 443 4773; x_wconf 88' lang='lat' dir='ltr'><strong>auam</strong></span> <span class='ocrx_word' id='word_1_629' title='bbox 459 4713 600 4770; x_wconf 88' lang='lat' dir='ltr'><strong>lectiones</strong></span> <span class='ocrx_word' id='word_1_630' title='bbox 624 4707 773 4781; x_wconf 80' lang='lat' dir='ltr'><strong>legendas,</strong></span> <span class='ocrx_word' id='word_1_631' title='bbox 800 4717 890 4778; x_wconf 89' lang='lat' dir='ltr'><strong>quarn</strong></span> <span class='ocrx_word' id='word_1_632' title='bbox 943 4700 1000 4756; x_wconf 87' lang='lat' dir='ltr'><strong>Nec</strong></span> <span class='ocrx_word' id='word_1_633' title='bbox 1014 4699 1102 4756; x_wconf 89' lang='lat' dir='ltr'><strong>etism</strong></span> <span class='ocrx_word' id='word_1_634' title='bbox 1119 4699 1255 4756; x_wconf 88' lang='lat' dir='ltr'><strong>sacerdos</strong></span> <span class='ocrx_word' id='word_1_635' title='bbox 1272 4699 1432 4755; x_wconf 89' lang='lat' dir='ltr'><strong>matutinas</strong></span> <span class='ocrx_word' id='word_1_636' title='bbox 1447 4698 1575 4755; x_wconf 84' lang='lat' dir='ltr'><strong>infirmis</strong></span> <span class='ocrx_word' id='word_1_637' title='bbox 1596 4704 1767 4755; x_wconf 83' lang='lat' dir='ltr'><strong>cantaturus</strong></span> 
     </span>
     <span class='ocr_line' id='line_1_87' title="bbox 65 4786 1769 4880; baseline -0.017 -7"><span class='ocrx_word' id='word_1_638' title='bbox 65 4816 102 4873; x_wconf 89' lang='lat' dir='ltr'><strong>ad</strong></span> <span class='ocrx_word' id='word_1_639' title='bbox 118 4812 335 4871; x_wconf 78' lang='lat' dir='ltr'><strong>benedictiones</strong></span> <span class='ocrx_word' id='word_1_640' title='bbox 350 4805 535 4880; x_wconf 82' lang='lat' dir='ltr'><strong>accipiendas</strong></span> <span class='ocrx_word' id='word_1_641' title='bbox 551 4804 620 4858; x_wconf 87' lang='lat' dir='ltr'><strong>eant</strong></span> <span class='ocrx_word' id='word_1_642' title='bbox 631 4797 675 4854; x_wconf 91' lang='lat' dir='ltr'><strong>vel</strong></span> <span class='ocrx_word' id='word_1_643' title='bbox 687 4796 892 4867; x_wconf 85' lang='lat' dir='ltr'><strong>redeant,quot</strong></span> <span class='ocrx_word' id='word_1_644' title='bbox 941 4792 1024 4846; x_wconf 86' lang='lat' dir='ltr'><strong>exeat</strong></span> <span class='ocrx_word' id='word_1_645' title='bbox 1036 4799 1192 4862; x_wconf 86' lang='lat' dir='ltr'><strong>antequam</strong></span> <span class='ocrx_word' id='word_1_646' title='bbox 1208 4786 1337 4858; x_wconf 76' lang='lat' dir='ltr'><strong>bymnus</strong></span> <span class='ocrx_word' id='word_1_647' title='bbox 1363 4787 1532 4860; x_wconf 88' lang='lat' dir='ltr'><strong>incipiatur.</strong></span> <span class='ocrx_word' id='word_1_648' title='bbox 1563 4789 1618 4844; x_wconf 85' lang='lat' dir='ltr'><strong>Sed</strong></span> <span class='ocrx_word' id='word_1_649' title='bbox 1645 4804 1698 4845; x_wconf 91' lang='lat' dir='ltr'><strong>nec</strong></span> <span class='ocrx_word' id='word_1_650' title='bbox 1726 4803 1769 4846; x_wconf 91' lang='lat' dir='ltr'><strong>se·</strong></span> 
     </span>
     <span class='ocr_line' id='line_1_88' title="bbox 66 4875 1769 4977; baseline -0.018 -14"><span class='ocrx_word' id='word_1_651' title='bbox 66 4904 270 4977; x_wconf 81' lang='lat' dir='ltr'><strong>unusquisque</strong></span> <span class='ocrx_word' id='word_1_652' title='bbox 286 4900 377 4957; x_wconf 87' lang='lat' dir='ltr'><strong>abbas</strong></span> <span class='ocrx_word' id='word_1_653' title='bbox 394 4896 503 4970; x_wconf 90' lang='lat' dir='ltr'><strong>prosui</strong></span> <span class='ocrx_word' id='word_1_654' title='bbox 517 4889 636 4949; x_wconf 92' lang='lat' dir='ltr'><strong>oratorii</strong></span> <span class='ocrx_word' id='word_1_655' title='bbox 653 4883 889 4961; x_wconf 78' lang='lat' dir='ltr'><strong>positioneludi·</strong></span> <span class='ocrx_word' id='word_1_656' title='bbox 942 4879 1009 4935; x_wconf 91' lang='lat' dir='ltr'><strong>dest</strong></span> <span class='ocrx_word' id='word_1_657' title='bbox 1038 4878 1146 4951; x_wconf 88' lang='lat' dir='ltr'><strong>aliquis</strong></span> <span class='ocrx_word' id='word_1_658' title='bbox 1180 4893 1214 4933; x_wconf 88' lang='lat' dir='ltr'><strong>ex</strong></span> <span class='ocrx_word' id='word_1_659' title='bbox 1254 4893 1313 4949; x_wconf 92' lang='lat' dir='ltr'><strong>quo</strong></span> <span class='ocrx_word' id='word_1_660' title='bbox 1352 4876 1492 4950; x_wconf 90' lang='lat' dir='ltr'><strong>incipitur</strong></span> <span class='ocrx_word' id='word_1_661' title='bbox 1533 4878 1602 4935; x_wconf 81' lang='lat' dir='ltr'><strong>Deus</strong></span> <span class='ocrx_word' id='word_1_662' title='bbox 1628 4879 1658 4936; x_wconf 84' lang='lat' dir='ltr'><strong>ivs</strong></span> <span class='ocrx_word' id='word_1_663' title='bbox 1685 4875 1769 4948; x_wconf 75' lang='lat' dir='ltr'><strong>adju·</strong></span> 
     </span>
     <span class='ocr_line' id='line_1_89' title="bbox 65 4966 1769 5065; baseline -0.016 -13"><span class='ocrx_word' id='word_1_664' title='bbox 65 4994 173 5054; x_wconf 87' lang='lat' dir='ltr'><strong>caverit</strong></span> <span class='ocrx_word' id='word_1_665' title='bbox 185 4991 331 5065; x_wconf 82' lang='lat' dir='ltr'><strong>expedire.</strong></span> <span class='ocrx_word' id='word_1_666' title='bbox 347 4988 382 5043; x_wconf 77' lang='lat' dir='ltr'><strong>ul</strong></span> <span class='ocrx_word' id='word_1_667' title='bbox 392 4985 552 5043; x_wconf 90' lang='lat' dir='ltr'><strong>notandum</strong></span> <span class='ocrx_word' id='word_1_668' title='bbox 565 4979 643 5053; x_wconf 93' lang='lat' dir='ltr'><strong>quod</strong></span> <span class='ocrx_word' id='word_1_669' title='bbox 655 4977 755 5035; x_wconf 88' lang='lat' dir='ltr'><strong>sbbali</strong></span> <span class='ocrx_word' id='word_1_670' title='bbox 765 4976 889 5032; x_wconf 89' lang='lat' dir='ltr'><strong>chorum</strong></span> <span class='ocrx_word' id='word_1_671' title='bbox 941 4972 1052 5035; x_wconf 85' lang='lat' dir='ltr'><strong>tarium,</strong></span> <span class='ocrx_word' id='word_1_672' title='bbox 1069 4982 1164 5040; x_wconf 89' lang='lat' dir='ltr'><strong>usque</strong></span> <span class='ocrx_word' id='word_1_673' title='bbox 1179 4976 1243 5039; x_wconf 86' lang='lat' dir='ltr'><strong>poet</strong></span> <span class='ocrx_word' id='word_1_674' title='bbox 1254 4966 1398 5039; x_wconf 81' lang='lat' dir='ltr'><strong>hymnum</strong></span> <span class='ocrx_word' id='word_1_675' title='bbox 1411 4983 1418 5024; x_wconf 80' lang='grc' dir='ltr'><em>τ</em></span> <span class='ocrx_word' id='word_1_676' title='bbox 1429 4971 1458 5023; x_wconf 94' lang='lat' dir='ltr'><strong>et</strong></span> <span class='ocrx_word' id='word_1_677' title='bbox 1468 4966 1663 5040; x_wconf 87' lang='lat' dir='ltr'><strong>tuncplicalis</strong></span> <span class='ocrx_word' id='word_1_678' title='bbox 1674 4966 1769 5025; x_wconf 87' lang='lat' dir='ltr'><strong>manl-</strong></span> 
     </span>
     <span class='ocr_line' id='line_1_90' title="bbox 66 5055 1765 5142; baseline -0.016 0"><span class='ocrx_word' id='word_1_679' title='bbox 66 5084 185 5142; x_wconf 88' lang='lat' dir='ltr'><strong>intranli</strong></span> <span class='ocrx_word' id='word_1_680' title='bbox 201 5099 259 5138; x_wconf 90' lang='lat' dir='ltr'><strong>non</strong></span> <span class='ocrx_word' id='word_1_681' title='bbox 276 5077 436 5137; x_wconf 86' lang='lat' dir='ltr'><strong>inclinatur</strong></span> <span class='ocrx_word' id='word_1_682' title='bbox 452 5072 507 5131; x_wconf 89' lang='lat' dir='ltr'><strong>nisi</strong></span> <span class='ocrx_word' id='word_1_683' title='bbox 523 5070 676 5137; x_wconf 84' lang='lat' dir='ltr'><strong>advobus,</strong></span> <span class='ocrx_word' id='word_1_684' title='bbox 692 5067 753 5124; x_wconf 92' lang='lat' dir='ltr'><strong>sive</strong></span> <span class='ocrx_word' id='word_1_685' title='bbox 768 5066 890 5123; x_wconf 86' lang='lat' dir='ltr'><strong>abbates</strong></span> <span class='ocrx_word' id='word_1_686' title='bbox 942 5059 998 5116; x_wconf 90' lang='lat' dir='ltr'><strong>bus</strong></span> <span class='ocrx_word' id='word_1_687' title='bbox 1012 5074 1100 5131; x_wconf 90' lang='lat' dir='ltr'><strong>super</strong></span> <span class='ocrx_word' id='word_1_688' title='bbox 1111 5055 1337 5130; x_wconf 80' lang='lat' dir='ltr'><strong>genusssdeaat</strong></span> <span class='ocrx_word' id='word_1_689' title='bbox 1352 5055 1442 5114; x_wconf 88' lang='lat' dir='ltr'><strong>simul</strong></span> <span class='ocrx_word' id='word_1_690' title='bbox 1460 5058 1588 5130; x_wconf 91' lang='lat' dir='ltr'><strong>primum</strong></span> <span class='ocrx_word' id='word_1_691' title='bbox 1603 5055 1765 5129; x_wconf 87' lang='lat' dir='ltr'><strong>psalmum,</strong></span> 
     </span>
     <span class='ocr_line' id='line_1_91' title="bbox 67 5145 1766 5238; baseline -0.011 -7"><span class='ocrx_word' id='word_1_692' title='bbox 67 5177 127 5232; x_wconf 87' lang='lat' dir='ltr'><strong>sint</strong></span> <span class='ocrx_word' id='word_1_693' title='bbox 143 5172 202 5229; x_wconf 89' lang='lat' dir='ltr'><strong>slve</strong></span> <span class='ocrx_word' id='word_1_694' title='bbox 226 5167 371 5236; x_wconf 88' lang='lat' dir='ltr'><strong>monachi,</strong></span> <span class='ocrx_word' id='word_1_695' title='bbox 395 5178 521 5238; x_wconf 89' lang='lat' dir='ltr'><strong>quorum</strong></span> <span class='ocrx_word' id='word_1_696' title='bbox 547 5160 621 5217; x_wconf 89' lang='lat' dir='ltr'><strong>alter</strong></span> <span class='ocrx_word' id='word_1_697' title='bbox 634 5157 663 5215; x_wconf 91' lang='lat' dir='ltr'><strong>iu</strong></span> <span class='ocrx_word' id='word_1_698' title='bbox 678 5172 732 5213; x_wconf 92' lang='lat' dir='ltr'><strong>suo</strong></span> <span class='ocrx_word' id='word_1_699' title='bbox 747 5155 847 5224; x_wconf 89' lang='lat' dir='ltr'><strong>choro,</strong></span> <span class='ocrx_word' id='word_1_700' title='bbox 863 5160 891 5214; x_wconf 89' lang='lat' dir='ltr'><strong>et</strong></span> <span class='ocrx_word' id='word_1_701' title='bbox 942 5153 971 5204; x_wconf 71' lang='lat'><strong>02</strong></span> <span class='ocrx_word' id='word_1_702' title='bbox 986 5147 1148 5205; x_wconf 73' lang='lat' dir='ltr'><strong>⁸00⁰11d¹¹m</strong></span> <span class='ocrx_word' id='word_1_703' title='bbox 1164 5150 1254 5218; x_wconf 91' lang='lat' dir='ltr'><strong>stent,</strong></span> <span class='ocrx_word' id='word_1_704' title='bbox 1267 5145 1347 5203; x_wconf 61' lang='lat' dir='ltr'><strong>iiiii</strong></span> <span class='ocrx_word' id='word_1_705' title='bbox 1360 5150 1532 5218; x_wconf 66' lang='lat' dir='ltr'><strong>Pttssuifflssi</strong></span> <span class='ocrx_word' id='word_1_706' title='bbox 1546 5157 1674 5214; x_wconf 64' lang='lat' dir='ltr'><strong>⁰aelt¹¹⁰⁸2</strong></span> <span class='ocrx_word' id='word_1_707' title='bbox 1687 5146 1766 5205; x_wconf 60' lang='lat'><strong>01⁸¹·</strong></span> 
     </span>
     <span class='ocr_line' id='line_1_92' title="bbox 63 5234 1769 5334; baseline -0.018 -14"><span class='ocrx_word' id='word_1_708' title='bbox 63 5263 136 5323; x_wconf 90' lang='lat' dir='ltr'><strong>aller</strong></span> <span class='ocrx_word' id='word_1_709' title='bbox 151 5260 199 5334; x_wconf 89' lang='lat' dir='ltr'><strong>qui</strong></span> <span class='ocrx_word' id='word_1_710' title='bbox 217 5260 245 5316; x_wconf 92' lang='lat' dir='ltr'><strong>in</strong></span> <span class='ocrx_word' id='word_1_711' title='bbox 262 5256 352 5315; x_wconf 87' lang='lat' dir='ltr'><strong>altero</strong></span> <span class='ocrx_word' id='word_1_712' title='bbox 368 5262 412 5314; x_wconf 89' lang='lat' dir='ltr'><strong>est</strong></span> <span class='ocrx_word' id='word_1_713' title='bbox 437 5259 466 5311; x_wconf 94' lang='lat' dir='ltr'><strong>et</strong></span> <span class='ocrx_word' id='word_1_714' title='bbox 481 5247 683 5327; x_wconf 83' lang='lat' dir='ltr'><strong>propinquior.</strong></span> <span class='ocrx_word' id='word_1_715' title='bbox 699 5243 840 5302; x_wconf 79' lang='lat' dir='ltr'><strong>Similiter</strong></span> <span class='ocrx_word' id='word_1_716' title='bbox 854 5244 890 5303; x_wconf 87' lang='lat' dir='ltr'><strong>de</strong></span> <span class='ocrx_word' id='word_1_717' title='bbox 943 5235 1051 5294; x_wconf 67' lang='lat' dir='ltr'><strong>militet</strong></span> <span class='ocrx_word' id='word_1_718' title='bbox 1065 5237 1093 5292; x_wconf 74' lang='lat' dir='ltr'><strong>ln</strong></span> <span class='ocrx_word' id='word_1_719' title='bbox 1120 5235 1248 5293; x_wconf 67' lang='lat' dir='ltr'><strong>secvndo</strong></span> <span class='ocrx_word' id='word_1_720' title='bbox 1269 5234 1418 5294; x_wconf 83' lang='lat' dir='ltr'><strong>Nocturna</strong></span> <span class='ocrx_word' id='word_1_721' title='bbox 1434 5250 1442 5294; x_wconf 73' lang='grc' dir='ltr'><em>τ</em></span> <span class='ocrx_word' id='word_1_722' title='bbox 1461 5252 1550 5308; x_wconf 89' lang='lat' dir='ltr'><strong>quam</strong></span> <span class='ocrx_word' id='word_1_723' title='bbox 1568 5236 1661 5311; x_wconf 81' lang='lat' dir='ltr'><strong>legem</strong></span> <span class='ocrx_word' id='word_1_724' title='bbox 1677 5238 1769 5296; x_wconf 77' lang='lat' dir='ltr'><strong>abban</strong></span> 
     </span>
     <span class='ocr_line' id='line_1_93' title="bbox 64 5324 1769 5413; baseline -0.016 -1"><span class='ocrx_word' id='word_1_725' title='bbox 64 5352 153 5413; x_wconf 88' lang='lat' dir='ltr'><strong>charo</strong></span> <span class='ocrx_word' id='word_1_726' title='bbox 169 5349 342 5408; x_wconf 90' lang='lat' dir='ltr'><strong>novitiorum</strong></span> <span class='ocrx_word' id='word_1_727' title='bbox 371 5358 448 5402; x_wconf 89' lang='lat' dir='ltr'><strong>unua</strong></span> <span class='ocrx_word' id='word_1_728' title='bbox 472 5343 540 5399; x_wconf 90' lang='lat' dir='ltr'><strong>hinc</strong></span> <span class='ocrx_word' id='word_1_729' title='bbox 555 5347 583 5398; x_wconf 89' lang='lat' dir='ltr'><strong>et</strong></span> <span class='ocrx_word' id='word_1_730' title='bbox 597 5353 674 5396; x_wconf 90' lang='lat' dir='ltr'><strong>unus</strong></span> <span class='ocrx_word' id='word_1_731' title='bbox 690 5336 767 5393; x_wconf 91' lang='lat' dir='ltr'><strong>inde.</strong></span> <span class='ocrx_word' id='word_1_732' title='bbox 783 5334 890 5392; x_wconf 80' lang='lat' dir='ltr'><strong>Abbati</strong></span> <span class='ocrx_word' id='word_1_733' title='bbox 942 5331 1041 5382; x_wconf 67' lang='lat' dir='ltr'><strong>tenete</strong></span> <span class='ocrx_word' id='word_1_734' title='bbox 1056 5341 1113 5382; x_wconf 75' lang='lat'>1¹0⁰</span> <span class='ocrx_word' id='word_1_735' title='bbox 1130 5324 1252 5398; x_wconf 64' lang='lat' dir='ltr'><strong>widult·</strong></span> <span class='ocrx_word' id='word_1_736' title='bbox 1270 5326 1352 5392; x_wconf 80' lang='lat' dir='ltr'><strong>0⁰⁰d</strong></span> <span class='ocrx_word' id='word_1_737' title='bbox 1369 5325 1392 5381; x_wconf 71' lang='grc' dir='ltr'><strong>εἰ</strong></span> <span class='ocrx_word' id='word_1_738' title='bbox 1404 5326 1471 5397; x_wconf 73' lang='lat' dir='ltr'><strong>quia</strong></span> <span class='ocrx_word' id='word_1_739' title='bbox 1493 5326 1591 5383; x_wconf 82' lang='lat' dir='ltr'><strong>exierit</strong></span> <span class='ocrx_word' id='word_1_740' title='bbox 1606 5344 1662 5384; x_wconf 90' lang='lat' dir='ltr'><strong>non</strong></span> <span class='ocrx_word' id='word_1_741' title='bbox 1676 5343 1769 5385; x_wconf 88' lang='lat' dir='ltr'><strong>rever·</strong></span> 
     </span>
     <span class='ocr_line' id='line_1_94' title="bbox 63 5413 1769 5498; baseline -0.014 0"><span class='ocrx_word' id='word_1_742' title='bbox 63 5450 151 5498; x_wconf 85' lang='lat' dir='ltr'><strong>ctiam</strong></span> <span class='ocrx_word' id='word_1_743' title='bbox 168 5438 258 5494; x_wconf 88' lang='lat' dir='ltr'><strong>stanti</strong></span> <span class='ocrx_word' id='word_1_744' title='bbox 274 5437 304 5492; x_wconf 92' lang='lat' dir='ltr'><strong>in</strong></span> <span class='ocrx_word' id='word_1_745' title='bbox 316 5433 403 5490; x_wconf 87' lang='lat' dir='ltr'><strong>stallo</strong></span> <span class='ocrx_word' id='word_1_746' title='bbox 418 5448 472 5487; x_wconf 89' lang='lat' dir='ltr'><strong>suo</strong></span> <span class='ocrx_word' id='word_1_747' title='bbox 488 5427 593 5484; x_wconf 87' lang='lat' dir='ltr'><strong>anullo</strong></span> <span class='ocrx_word' id='word_1_748' title='bbox 608 5422 829 5497; x_wconf 87' lang='lat' dir='ltr'><strong>superveniente</strong></span> <span class='ocrx_word' id='word_1_749' title='bbox 844 5420 889 5478; x_wconf 89' lang='lat' dir='ltr'><strong>in·</strong></span> <span class='ocrx_word' id='word_1_750' title='bbox 941 5432 1030 5472; x_wconf 90' lang='lat' dir='ltr'><strong>surus</strong></span> <span class='ocrx_word' id='word_1_751' title='bbox 1054 5415 1090 5471; x_wconf 87' lang='lat' dir='ltr'><strong>ad</strong></span> <span class='ocrx_word' id='word_1_752' title='bbox 1119 5431 1193 5488; x_wconf 87' lang='lat' dir='ltr'><strong>opus</strong></span> <span class='ocrx_word' id='word_1_753' title='bbox 1218 5413 1301 5483; x_wconf 88' lang='lat' dir='ltr'><strong>illud,</strong></span> <span class='ocrx_word' id='word_1_754' title='bbox 1325 5413 1446 5472; x_wconf 89' lang='lat' dir='ltr'><strong>inclinet</strong></span> <span class='ocrx_word' id='word_1_755' title='bbox 1464 5422 1620 5487; x_wconf 88' lang='lat' dir='ltr'><strong>antequam</strong></span> <span class='ocrx_word' id='word_1_756' title='bbox 1634 5422 1725 5474; x_wconf 86' lang='lat' dir='ltr'><strong>exeat.</strong></span> <span class='ocrx_word' id='word_1_757' title='bbox 1740 5417 1769 5474; x_wconf 84' lang='lat' dir='ltr'><strong>sl</strong></span> 
     </span>
     <span class='ocr_line' id='line_1_95' title="bbox 59 5504 1769 5599; baseline -0.017 -12"><span class='ocrx_word' id='word_1_758' title='bbox 59 5529 230 5599; x_wconf 81' lang='lat' dir='ltr'><strong>clinabilur,</strong></span> <span class='ocrx_word' id='word_1_759' title='bbox 246 5525 301 5582; x_wconf 78' lang='lat' dir='ltr'><strong>nisi</strong></span> <span class='ocrx_word' id='word_1_760' title='bbox 317 5526 355 5581; x_wconf 90' lang='lat' dir='ltr'><strong>ab</strong></span> <span class='ocrx_word' id='word_1_761' title='bbox 370 5523 416 5578; x_wconf 91' lang='lat' dir='ltr'><strong>bis</strong></span> <span class='ocrx_word' id='word_1_762' title='bbox 432 5517 604 5593; x_wconf 85' lang='lat' dir='ltr'><strong>quatuor.ld</strong></span> <span class='ocrx_word' id='word_1_763' title='bbox 616 5521 717 5573; x_wconf 90' lang='lat' dir='ltr'><strong>tamen</strong></span> <span class='ocrx_word' id='word_1_764' title='bbox 729 5515 889 5571; x_wconf 90' lang='lat' dir='ltr'><strong>obserrsn-</strong></span> <span class='ocrx_word' id='word_1_765' title='bbox 941 5522 1008 5562; x_wconf 79' lang='lat' dir='ltr'><strong>vero</strong></span> <span class='ocrx_word' id='word_1_766' title='bbox 1020 5504 1235 5569; x_wconf 73' lang='lat' dir='ltr'><strong>ubbasexieril,</strong></span> <span class='ocrx_word' id='word_1_767' title='bbox 1251 5510 1471 5576; x_wconf 87' lang='lat' dir='ltr'><strong>sequatureum</strong></span> <span class='ocrx_word' id='word_1_768' title='bbox 1482 5504 1605 5578; x_wconf 85' lang='lat' dir='ltr'><strong>quilibet</strong></span> <span class='ocrx_word' id='word_1_769' title='bbox 1615 5508 1651 5565; x_wconf 80' lang='lat' dir='ltr'><strong>da</strong></span> <span class='ocrx_word' id='word_1_770' title='bbox 1666 5524 1769 5566; x_wconf 70' lang='lat' dir='ltr'><strong>mona-</strong></span> 
     </span>
     <span class='ocr_line' id='line_1_96' title="bbox 65 5593 1768 5688; baseline -0.014 -10"><span class='ocrx_word' id='word_1_771' title='bbox 65 5623 148 5688; x_wconf 92' lang='lat' dir='ltr'><strong>dam,</strong></span> <span class='ocrx_word' id='word_1_772' title='bbox 164 5622 197 5676; x_wconf 93' lang='lat' dir='ltr'><strong>ut</strong></span> <span class='ocrx_word' id='word_1_773' title='bbox 211 5617 248 5686; x_wconf 92' lang='lat' dir='ltr'><strong>si,</strong></span> <span class='ocrx_word' id='word_1_774' title='bbox 264 5615 312 5672; x_wconf 93' lang='lat' dir='ltr'><strong>bis</strong></span> <span class='ocrx_word' id='word_1_775' title='bbox 328 5613 378 5688; x_wconf 91' lang='lat' dir='ltr'><strong>qui</strong></span> <span class='ocrx_word' id='word_1_776' title='bbox 394 5609 615 5685; x_wconf 89' lang='lat' dir='ltr'><strong>propinquiores</strong></span> <span class='ocrx_word' id='word_1_777' title='bbox 629 5602 730 5662; x_wconf 86' lang='lat' dir='ltr'><strong>abbati</strong></span> <span class='ocrx_word' id='word_1_778' title='bbox 748 5604 828 5659; x_wconf 85' lang='lat' dir='ltr'><strong>stare</strong></span> <span class='ocrx_word' id='word_1_779' title='bbox 840 5616 889 5659; x_wconf 91' lang='lat' dir='ltr'><strong>so·</strong></span> <span class='ocrx_word' id='word_1_780' title='bbox 941 5595 1006 5653; x_wconf 85' lang='lat' dir='ltr'><strong>cbis</strong></span> <span class='ocrx_word' id='word_1_781' title='bbox 1017 5595 1166 5651; x_wconf 83' lang='lat' dir='ltr'><strong>conversis</strong></span> <span class='ocrx_word' id='word_1_782' title='bbox 1176 5593 1366 5651; x_wconf 90' lang='lat' dir='ltr'><strong>cumlnmiue</strong></span> <span class='ocrx_word' id='word_1_783' title='bbox 1376 5595 1568 5656; x_wconf 86' lang='lat' dir='ltr'><strong>inabsconsa.</strong></span> <span class='ocrx_word' id='word_1_784' title='bbox 1580 5598 1768 5659; x_wconf 81' lang='lat' dir='ltr'><strong>Abbasincl·</strong></span> 
     </span>
    </p>
   </div>
   <div class='ocr_carea' id='block_1_18' title="bbox 63 5682 1770 5787">
    <p class='ocr_par' dir='ltr' id='par_1_18' title="bbox 63 5682 1770 5787">
     <span class='ocr_line' id='line_1_97' title="bbox 63 5682 1770 5787; baseline -0.015 -15"><span class='ocrx_word' id='word_1_785' title='bbox 63 5710 137 5787; x_wconf 89' lang='lat' dir='ltr'><strong>leat,</strong></span> <span class='ocrx_word' id='word_1_786' title='bbox 157 5709 290 5770; x_wconf 86' lang='lat' dir='ltr'><strong>nondum</strong></span> <span class='ocrx_word' id='word_1_787' title='bbox 305 5700 460 5781; x_wconf 77' lang='lat' dir='ltr'><strong>ingressis,</strong></span> <span class='ocrx_word' id='word_1_788' title='bbox 474 5697 525 5759; x_wconf 82' lang='lat' dir='ltr'><strong>alii</strong></span> <span class='ocrx_word' id='word_1_789' title='bbox 539 5691 802 5767; x_wconf 78' lang='lat' dir='ltr'><strong>inusserint,inler</strong></span> <span class='ocrx_word' id='word_1_790' title='bbox 815 5706 891 5769; x_wconf 84' lang='lat' dir='ltr'><strong>quos</strong></span> <span class='ocrx_word' id='word_1_791' title='bbox 940 5685 1004 5766; x_wconf 91' lang='lat' dir='ltr'><strong>piat</strong></span> <span class='ocrx_word' id='word_1_792' title='bbox 1014 5685 1142 5763; x_wconf 83' lang='lat' dir='ltr'><strong>primam</strong></span> <span class='ocrx_word' id='word_1_793' title='bbox 1155 5682 1354 5764; x_wconf 77' lang='lat' dir='ltr'><strong>dutiptonem,</strong></span> <span class='ocrx_word' id='word_1_794' title='bbox 1363 5682 1411 5745; x_wconf 87' lang='lat' dir='ltr'><strong>rel</strong></span> <span class='ocrx_word' id='word_1_795' title='bbox 1427 5684 1551 5746; x_wconf 68' lang='lat' dir='ltr'><strong>uolua</strong></span> <span class='ocrx_word' id='word_1_796' title='bbox 1564 5686 1596 5747; x_wconf 88' lang='lat' dir='ltr'><strong>ln</strong></span> <span class='ocrx_word' id='word_1_797' title='bbox 1610 5688 1770 5766; x_wconf 86' lang='lat' dir='ltr'><strong>primatia-</strong></span> 
     </span>
    </p>
   </div>
   <div class='ocr_carea' id='block_1_19' title="bbox 938 3422 1768 3927">
    <p class='ocr_par' dir='ltr' id='par_1_19' title="bbox 938 3422 1768 3927">
     <span class='ocr_line' id='line_1_98' title="bbox 942 3422 1763 3496; baseline -0.001 -14"><span class='ocrx_word' id='word_1_798' title='bbox 942 3426 1028 3482; x_wconf 89' lang='lat' dir='ltr'><strong>modo</strong></span> <span class='ocrx_word' id='word_1_799' title='bbox 1037 3422 1608 3496; x_wconf 85' lang='lat' dir='ltr'><strong>inclinantesquotiescunquedicitarin</strong></span> <span class='ocrx_word' id='word_1_800' title='bbox 1620 3431 1763 3483; x_wconf 90' lang='lat' dir='ltr'><strong>conventa</strong></span> 
     </span>
     <span class='ocr_line' id='line_1_99' title="bbox 943 3513 1765 3588; baseline -0.002 -16"><span class='ocrx_word' id='word_1_801' title='bbox 943 3515 1036 3572; x_wconf 82' lang='lat' dir='ltr'><strong>Gloria</strong></span> <span class='ocrx_word' id='word_1_802' title='bbox 1057 3515 1147 3580; x_wconf 82' lang='lat' dir='ltr'><strong>Patri,</strong></span> <span class='ocrx_word' id='word_1_803' title='bbox 1163 3519 1284 3587; x_wconf 83' lang='lat' dir='ltr'><strong>excepto</strong></span> <span class='ocrx_word' id='word_1_804' title='bbox 1298 3514 1333 3569; x_wconf 89' lang='lat' dir='ltr'><strong>ad</strong></span> <span class='ocrx_word' id='word_1_805' title='bbox 1350 3530 1457 3588; x_wconf 88' lang='lat' dir='ltr'><strong>aquam</strong></span> <span class='ocrx_word' id='word_1_806' title='bbox 1475 3515 1669 3585; x_wconf 83' lang='lat' dir='ltr'><strong>benedictum,</strong></span> <span class='ocrx_word' id='word_1_807' title='bbox 1684 3520 1714 3571; x_wconf 87' lang='lat' dir='ltr'><strong>et</strong></span> <span class='ocrx_word' id='word_1_808' title='bbox 1728 3513 1765 3572; x_wconf 87' lang='lat' dir='ltr'><strong>ad</strong></span> 
     </span>
     <span class='ocr_line' id='line_1_100' title="bbox 942 3602 1766 3672; baseline 0 -12"><span class='ocrx_word' id='word_1_809' title='bbox 942 3603 1173 3661; x_wconf 89' lang='lat' dir='ltr'><strong>benedictionem</strong></span> <span class='ocrx_word' id='word_1_810' title='bbox 1190 3602 1301 3672; x_wconf 88' lang='lat' dir='ltr'><strong>novitii,</strong></span> <span class='ocrx_word' id='word_1_811' title='bbox 1321 3609 1350 3661; x_wconf 92' lang='lat' dir='ltr'><strong>el</strong></span> <span class='ocrx_word' id='word_1_812' title='bbox 1377 3603 1406 3659; x_wconf 91' lang='lat' dir='ltr'><strong>in</strong></span> <span class='ocrx_word' id='word_1_813' title='bbox 1437 3604 1643 3661; x_wconf 87' lang='lat' dir='ltr'><strong>Purillcstions</strong></span> <span class='ocrx_word' id='word_1_814' title='bbox 1658 3608 1766 3661; x_wconf 78' lang='lat' dir='ltr'><strong>sanctas</strong></span> 
     </span>
     <span class='ocr_line' id='line_1_101' title="bbox 942 3693 1765 3765; baseline -0.002 -14"><span class='ocrx_word' id='word_1_815' title='bbox 942 3696 1046 3751; x_wconf 79' lang='lat' dir='ltr'><strong>Murice</strong></span> <span class='ocrx_word' id='word_1_816' title='bbox 1065 3693 1135 3748; x_wconf 90' lang='lat' dir='ltr'><strong>dum</strong></span> <span class='ocrx_word' id='word_1_817' title='bbox 1152 3693 1281 3749; x_wconf 82' lang='lat' dir='ltr'><strong>candelae</strong></span> <span class='ocrx_word' id='word_1_818' title='bbox 1296 3693 1558 3760; x_wconf 84' lang='lat' dir='ltr'><strong>distribuuntur,et</strong></span> <span class='ocrx_word' id='word_1_819' title='bbox 1573 3695 1603 3749; x_wconf 94' lang='lat' dir='ltr'><strong>in</strong></span> <span class='ocrx_word' id='word_1_820' title='bbox 1615 3694 1710 3765; x_wconf 89' lang='lat' dir='ltr'><strong>capite</strong></span> <span class='ocrx_word' id='word_1_821' title='bbox 1720 3694 1765 3749; x_wconf 91' lang='lat' dir='ltr'><strong>le·</strong></span> 
     </span>
     <span class='ocr_line' id='line_1_102' title="bbox 938 3782 1768 3855; baseline 0 -16"><span class='ocrx_word' id='word_1_822' title='bbox 938 3783 1017 3855; x_wconf 90' lang='lat' dir='ltr'><strong>junii</strong></span> <span class='ocrx_word' id='word_1_823' title='bbox 1028 3782 1097 3837; x_wconf 90' lang='lat' dir='ltr'><strong>dum</strong></span> <span class='ocrx_word' id='word_1_824' title='bbox 1110 3784 1225 3838; x_wconf 89' lang='lat' dir='ltr'><strong>cineres</strong></span> <span class='ocrx_word' id='word_1_825' title='bbox 1242 3783 1360 3849; x_wconf 89' lang='lat' dir='ltr'><strong>dantur,</strong></span> <span class='ocrx_word' id='word_1_826' title='bbox 1376 3787 1404 3839; x_wconf 87' lang='lat' dir='ltr'><strong>el</strong></span> <span class='ocrx_word' id='word_1_827' title='bbox 1418 3784 1452 3837; x_wconf 86' lang='lat' dir='ltr'><strong>ad</strong></span> <span class='ocrx_word' id='word_1_828' title='bbox 1466 3782 1559 3840; x_wconf 83' lang='lat' dir='ltr'><strong>Gloria</strong></span> <span class='ocrx_word' id='word_1_829' title='bbox 1573 3788 1600 3839; x_wconf 83' lang='lat' dir='ltr'><strong>et</strong></span> <span class='ocrx_word' id='word_1_830' title='bbox 1613 3784 1700 3840; x_wconf 80' lang='lat' dir='ltr'><strong>bonor</strong></span> <span class='ocrx_word' id='word_1_831' title='bbox 1713 3784 1768 3839; x_wconf 86' lang='lat' dir='ltr'><strong>Deo</strong></span> 
     </span>
     <span class='ocr_line' id='line_1_103' title="bbox 943 3871 1479 3927; baseline 0 0"><span class='ocrx_word' id='word_1_832' title='bbox 943 3872 1014 3927; x_wconf 89' lang='lat' dir='ltr'><strong>dum</strong></span> <span class='ocrx_word' id='word_1_833' title='bbox 1030 3886 1101 3927; x_wconf 86' lang='lat' dir='ltr'><strong>crux</strong></span> <span class='ocrx_word' id='word_1_834' title='bbox 1117 3871 1147 3926; x_wconf 91' lang='lat' dir='ltr'><strong>in</strong></span> <span class='ocrx_word' id='word_1_835' title='bbox 1159 3875 1315 3927; x_wconf 84' lang='lat' dir='ltr'><strong>Parasceve</strong></span> <span class='ocrx_word' id='word_1_836' title='bbox 1330 3871 1479 3927; x_wconf 87' lang='lat' dir='ltr'><strong>adoratur.</strong></span> 
     </span>
    </p>
   </div>
   <div class='ocr_carea' id='block_1_20' title="bbox 0 0 1918 6000">
    <p class='ocr_par' dir='ltr' id='par_1_20' title="bbox 0 0 1918 6000">
     <span class='ocr_line' id='line_1_104' title="bbox 0 0 1918 6000; baseline 0 0"><span class='ocrx_word' id='word_1_837' title='bbox 0 0 1918 6000; x_wconf 95' lang='lat' dir='ltr'><strong> </strong></span> 
     </span>
    </p>
   </div>
  </div>
 </body>
</html>
