3796 6000
792 212 1011 274 deturbata.

748 497 1079 592 PROLOGUS.

520 704 574 764 nn
597 704 818 770 nnaaanuu
840 707 876 768 a.
899 708 1076 781 curuum
1100 710 1307 774 nuoluuu.

93 1014 233 1069 Gaurano
246 1012 376 1070 ecclesie
392 1013 472 1069 Beati
496 1014 629 1080 Quintini
645 1016 755 1075 decano
779 1022 809 1075 et
821 1034 883 1075 ma·
897 1023 923 1091 Α
938 1023 999 1076 tam
1014 1021 1213 1087 audieramus,
1225 1023 1399 1095 reperimus.
1411 1025 1557 1086 Mittimus
1567 1030 1665 1105 itaque
1676 1033 1760 1092 vobis

56 1102 159 1176 gistro,
176 1103 315 1160 Vrvrsrius
327 1120 489 1176 pauperum
502 1106 731 1165 Promonatratm
742 1108 881 1166 itcclrsio
935 1108 1031 1182 ipsam
1045 1110 1208 1167 secundum
1224 1113 1311 1169 verba
1335 1119 1546 1185 prememorati
1572 1121 1715 1194 sapientis
1733 1127 1763 1181 ot

55 1193 208 1263 minimus,
225 1193 331 1251 l'uturae
351 1193 497 1252 libertatis
512 1196 683 1254 donativum
696 1197 817 1256 feliciter
830 1216 882 1257 cx·
936 1199 1263 1271 quorumdamalicrum
1275 1203 1415 1261 cathedre
1426 1208 1585 1279 magisterii
1597 1211 1760 1270 nominato·

56 1286 198 1354 spectare.
936 1305 1002 1345 rum
1018 1291 1049 1346 in
1062 1289 1116 1346 hoc
1131 1294 1257 1347 tractatu
1272 1294 1524 1368 comprehensam,
1540 1303 1686 1370 quatenns
1712 1301 1759 1359 in·

95 1370 171 1428 Inter
181 1372 256 1428 duos
265 1374 493 1430 controversiam
504 1374 539 1431 de
554 1373 823 1434 libertatearbritrii
834 1395 882 1435 uo-
936 1377 1069 1452 spiciatis
1083 1396 1147 1436 eam
1164 1386 1193 1437 at
1207 1384 1377 1453 attendatis,
1393 1402 1452 1444 non
1478 1388 1549 1461 qnia
1564 1406 1615 1448 vos
1630 1392 1760 1462 sapione,

59 1459 128 1517 visti
142 1469 170 1519 ct
194 1461 348 1532 novimus,
363 1463 485 1521 alterius
510 1481 635 1536 quorum
658 1466 808 1525 sententis
831 1485 882 1526 vos
936 1468 1070 1539 audiens,
1082 1468 1245 1542 sapientior
1254 1471 1323 1529 inde
1334 1473 1419 1546 sida,
1435 1492 1487 1549 per
1501 1494 1552 1536 vos
1566 1479 1645 1537 anim
1661 1480 1692 1539 in
1706 1481 1762 1538 hu·

59 1566 238 1608 consensum
251 1551 391 1610 tribuisse
403 1553 524 1611 forsitan
537 1554 663 1613 recolitis
675 1561 704 1613 et
715 1574 768 1615 nos
778 1559 882 1617 recoli·
935 1558 1068 1629 jusmodi
1081 1561 1154 1617 satis
1166 1561 1271 1632 sapitis
1282 1582 1289 1633 ;
1302 1565 1353 1621 sed
1368 1570 1506 1635 putamus
1521 1571 1600 1642 quod
1618 1572 1764 1630 sententia

57 1657 134 1698 mus.
151 1646 256 1699 Postea
267 1644 424 1715 quemdam
438 1644 558 1714 librum,
569 1663 657 1719 quam
670 1648 800 1706 domnus
813 1653 881 1707 iter·
937 1664 1001 1720 quo
1016 1648 1046 1704 iu
1063 1649 1189 1706 transitu
1205 1667 1238 1708 ac
1254 1653 1343 1709 semel
1359 1654 1639 1716 auditadiscretioni
1651 1665 1758 1719 vostras

57 1733 168 1791 nardus
183 1733 406 1793 clarevallensis
436 1736 528 1794 abhas
545 1738 581 1793 da
599 1736 692 1796 libero
718 1741 841 1799 arbitrio
856 1750 883 1799 et
937 1738 1124 1810 complacuit,
1144 1741 1286 1799 attentius
1310 1743 1442 1816 inspecta
1464 1749 1494 1803 et
1518 1747 1616 1806 decies
1641 1750 1763 1823 repetita

57 1824 151 1898 gratia
164 1827 342 1899 composuit,
358 1827 435 1884 inter
445 1844 552 1887 manus
563 1828 734 1905 habuimus,
746 1832 796 1888 uhi
809 1849 882 1906 pra·
938 1827 1076 1902 placebit.

60 1913 167 1972 dictam
184 1918 369 1989 seutentiam,
388 1936 476 1991 quam
492 1925 520 1977 et
536 1922 572 1978 ab
587 1920 653 1979 aliia
664 1926 748 1980 antea
762 1923 885 1982 ventila·

664 2221 1148 2354 HARMONIA.

92 2480 117 2531 l.
134 2475 396 2544 Omnebonum,ut
409 2473 551 2545 scriptum
563 2472 879 2545 invenitur,pnlchrius
897 2477 981 2553 Bval
996 2478 1081 2536 beata
1094 2495 1102 2549 ;
1119 2481 1239 2552 misera,
1253 2490 1411 2558 peccando,
1427 2508 1444 2548 a
1459 2491 1517 2549 Deo
1546 2509 1599 2551 suo
1612 2492 1759 2561 alienata:

57 2564 329 2636 elucescitqnando
344 2563 545 2620 incommune
569 2561 735 2619 deducitur.
751 2562 825 2622 iiiuc
840 2567 885 2622 est
940 2567 1036 2638 beata,
1061 2571 1241 2643 poenitendo,
1265 2576 1440 2650 confitendo,
1466 2580 1684 2647 satisfaciendo,
1707 2596 1762 2639 suc

59 2656 137 2728 quad
153 2655 271 2712 Creator
285 2658 394 2722 noster,
408 2653 457 2725 qui
474 2652 655 2710 extrinsecus
666 2651 748 2709 nullo
759 2653 883 2711 admini·
940 2657 1085 2731 principio
1096 2660 1254 2721 reiormeta
1265 2683 1274 2737 ς
1285 2670 1446 2726 secundum
1458 2670 1513 2728 hoc
1524 2673 1602 2744 qnod
1614 2670 1762 2741 dixtditu·

59 2744 209 2802 strationis
225 2743 406 2800 adminiculo
420 2741 583 2815 indigebat,
595 2743 654 2798 imo
669 2743 885 2814 qnisnmmum
940 2746 1012 2804 nitio
1032 2746 1115 2806 liberi
1136 2753 1249 2809 arbitrii
1274 2755 1329 2826 ipsi
1353 2774 1514 2833 congruere
1539 2761 1665 2830 ridetur,
1681 2761 1761 2832 quod

60 2836 182 2908 bonum,
203 2851 320 2892 summa
352 2834 513 2903 beatitudo,
542 2838 570 2890 at
595 2832 651 2890 aihi
675 2850 885 2906 usquequaque
940 2837 1383 2913 aicaquihusdamdiitluitur:
1403 2850 1764 2908 Liberumarhitriumast

63 2924 212 2982 suissoians
224 2931 269 2981 ost
282 2929 310 2981 et
326 2929 399 2994 arat,
411 2929 508 2997 utpote
520 2924 886 2996 crrjuspotentia,aupien-
941 2926 1123 2989 voluntarius
1145 2938 1174 2989 et
1195 2932 1268 2991 liber
1292 2952 1452 2995 consensus
1463 2958 1470 3009 ;
1482 2938 1524 2996 vel
1542 2939 1585 2997 sic
1602 2939 1761 2998 :hiberum

64 3016 114 3084 tio,
130 3016 518 3088 bonitas,qucmadmodum
544 3031 581 3071 ne
607 3030 748 3081 crescere,
764 3013 807 3069 sio
833 3028 886 3069 nac
940 3017 1092 3076 arbitrium
1109 3026 1154 3078 est
1179 3022 1318 3082 habilitas
1343 3027 1494 3085 rationalis
1516 3028 1763 3102 voluntariaque

64 3104 158 3162 minui
178 3109 273 3178 potest
286 3104 330 3162 vol
356 3109 479 3178 poterat·
509 3104 572 3170 ille,
592 3103 726 3175 inquam.
743 3101 886 3160 D⁰mi⁰u⁸
941 3109 1050 3166 bonnm
1077 3111 1207 3185 eligitur,
1222 3116 1316 3186 gratia
1331 3123 1516 3191 cooperante,
1530 3120 1681 3176 etmalnm
1693 3118 1760 3192 ipsa

63 3199 122 3250 ram
147 3195 280 3265 potenter
313 3192 444 3265 sapiens,
467 3197 496 3249 et
520 3195 580 3247 tam
605 3188 753 3264 sapienter
778 3190 885 3260 bonus,
941 3198 1111 3272 deserente;
1137 3209 1170 3259 ut
1192 3202 1318 3261 liborum
1338 3208 1374 3264 ad
1397 3207 1588 3280 voluntatem,
1605 3208 1760 3266 arbitrium

61 3286 225 3341 erecturam
240 3278 427 3351 iiil⁰⁰³¹0mr
442 3279 576 3337 vidente*
591 3277 727 3352 ⁸⁰80¹¹¹ffl
744 3283 772 3335 ⁰²
787 3277 885 3334 hOml·
941 3289 1123 3347 rotareturad
1137 3292 1291 3352 rationem.
1304 3294 1335 3352 ln
1348 3296 1477 3354 hiseoim
1487 3297 1602 3355 duobus
1612 3296 1760 3368 consistit,

62 3398 129 3439 nem
139 3381 394 3454 condidit,qnibus
404 3379 527 3437 rationis
538 3383 566 3436 et
577 3377 885 3452 intelligentiaelumen
941 3380 1089 3439 voluntate
1103 3382 1252 3441 soilicstst
1266 3386 1523 3445 ratione.lintionis
1533 3388 1681 3446 estsidera
1691 3387 1762 3461 quid

62 3471 178 3529 inludit.
193 3470 289 3528 Voluit
303 3472 382 3528 enim
397 3470 444 3528 his
469 3469 632 3526 illuminata
646 3469 739 3526 oculis
755 3476 887 3526 creatura
942 3471 980 3527 sit
993 3472 1159 3543 eligendum
1174 3474 1217 3530 vei
1233 3492 1310 3545 nnn;
1326 3476 1487 3535 voluntatis
1501 3482 1547 3535 est
1569 3482 1713 3551 appatere.
1729 3477 1765 3535 ut

60 3560 885 3632 creatoremsuuminspiceret,inspectumcogncsoeret,
942 3562 1007 3618 ideo
1023 3563 1096 3619 ratio
1111 3571 1252 3638 tanquam
1275 3566 1451 3641 pedissequa
1474 3568 1551 3625 viam
1580 3569 1673 3635 dccet,
1690 3566 1764 3625 illud

63 3651 213 3722 cognitum
238 3653 384 3725 diligeret,
400 3651 540 3708 dilectum
562 3651 728 3706 imitaretur
742 3656 886 3722 quantum
942 3655 1017 3725 quod
1033 3654 1112 3710 videt
1127 3655 1292 3712 iaciendum
1315 3657 1505 3728 consulendo,
1531 3673 1680 3731 auumque
1694 3673 1766 3716 ccu-

63 3751 172 3818 pcsaet.
186 3744 337 3817 Siquidem
350 3761 406 3801 non
423 3743 478 3801 hoc
493 3744 593 3811 voluit,
610 3749 643 3802 ut
653 3743 808 3816 pulchrius
821 3758 887 3815 pos·
944 3742 1066 3797 trarium
1082 3742 1275 3801 dehortando.
1285 3745 1426 3803 Voluntas
1437 3751 1577 3818 tanquam
1589 3746 1709 3803 domina
1719 3762 1764 3804 rs·

66 3832 726 3905 setelncascere.ilccenimimpossibileest
743 3836 886 3904 quantum
904 3860 926 3927 G
943 3830 1051 3887 tionem
1078 3846 1177 3888 secum
1199 3832 1300 3902 trahit,
1330 3836 1367 3890 ad
1393 3836 1590 3907 quodcunque
1619 3833 1763 3892 declinata

67 3926 104 3982 ad
120 3942 160 3987 se.
178 3941 229 3980 nec
245 3923 299 3980 hoc
315 3922 391 3990 iacit,
408 3922 476 3995 quia
501 3922 570 3978 inde
585 3927 685 3994 posset
707 3921 796 3977 ditior
809 3934 885 3985 asse,
941 3919 1037 3976 inerit.
1054 3918 1117 3976 Non
1139 3921 1219 3977 enim
1236 3921 1363 3978 trahitur
1387 3922 1554 3980 voluutasa
1576 3923 1698 3990 ratione,
1710 3924 1763 3981 sed

67 4017 116 4071 oui
131 4014 202 4070 nihil
222 4014 462 4085 poteratdeesse;
476 4011 527 4067 sed
539 4019 569 4067 ut
581 4009 887 4084 pulchrsm‚divitam,
941 4008 1125 4064 solummodo
1148 4012 1291 4066 monstrat
1306 4009 1378 4067 ratio
1392 4009 1459 4081 aluid
1483 4015 1617 4084 appetere
1633 4011 1737 4068 debeat
1753 4027 1760 4068 :

64 4123 97 4161 ac
113 4105 226 4160 beatam
243 4119 304 4159 ram
321 4107 447 4158 creatam
475 4104 592 4170 iaceret,
609 4101 655 4157 cui
681 4116 712 4157 se
727 4098 889 4173 pulcherrl·
943 4098 1017 4155 ratic
1030 4114 1096 4154 vero
1113 4098 1293 4156 avolantute
1311 4099 1445 4169 trahitur,
1459 4103 1489 4158 et
1503 4100 1533 4157 in
1548 4099 1596 4158 his
1615 4117 1679 4174 qna
1704 4100 1763 4174 ipsi
1837 4098 1841 4103 ’

65 4209 144 4249 muru
160 4193 337 4260 ostenderet,
353 4193 400 4248 cui
416 4192 534 4248 divitias
548 4208 582 4249 an
597 4190 810 4248 beatitudinem
827 4206 888 4246 sno
944 4187 1048 4246 rationi
1066 4189 1213 4245 contraria
1236 4193 1306 4247 sunt
1319 4189 1447 4247 ducitur.
1464 4190 1498 4247 lit
1521 4207 1588 4247 cum
1602 4190 1696 4264 ipsius
1726 4190 1765 4248 sit

65 4282 226 4338 divinitatis
248 4282 472 4338 demonstraret.
499 4286 531 4338 ln
562 4281 615 4338 bac
643 4280 781 4353 predicta
808 4295 888 4337 crea·
945 4279 1118 4337 naturaliter
1132 4280 1274 4339 voluntati
1298 4282 1328 4339 in
1343 4281 1421 4340 malo
1435 4280 1644 4353 contradicere,
1656 4279 1711 4338 hoo
1720 4287 1766 4338 est

65 4378 143 4443 tura,
160 4373 190 4428 in
204 4370 347 4428 mundiali
360 4371 447 4427 etiam
462 4369 583 4439 fabrica,
595 4373 628 4426 ut
638 4369 695 4441 ipsi
708 4368 820 4427 homini
830 4372 892 4426 tnta
946 4387 1004 4427 non
1020 4369 1092 4426 illud
1109 4386 1173 4427 ease
1185 4370 1768 4444 iaciendumjudicare,ctvincitamenet

67 4462 244 4519 subserviret
273 4465 446 4533 preparata,
469 4459 675 4518 consideratur
704 4462 732 4515 et
760 4457 892 4517 noscitur
946 4461 1121 4517 consentire.
1136 4462 1201 4532 ipsa
1217 4461 1295 4519 anim
1311 4459 1585 4519 dataastvcluntati
1601 4459 1769 4517 utinstrunt

68 4551 139 4608 tanti
155 4552 277 4608 artificis
288 4551 431 4624 potentia,
444 4549 636 4622 peripaarum
649 4548 761 4605 scilicet
777 4546 893 4621 magni·
947 4547 1040 4618 illam,
1057 4565 1114 4604 non
1130 4547 1283 4607 destruat:
1300 4550 1462 4606 destrueret
1483 4552 1582 4605 autom
1598 4547 1623 4604 si
1641 4545 1769 4603 necessi·

69 4641 213 4712 tudinem,
229 4641 374 4714 sapientia
386 4657 436 4711 per
451 4655 551 4696 aarum
569 4637 832 4711 pulchritudinem,
844 4637 893 4694 hn-
948 4642 1036 4695 tatem
1052 4640 1078 4696 ei
1096 4637 1185 4696 ullam
1201 4638 1376 4712 imponeret,
1388 4637 1549 4712 quominus
1564 4636 1654 4692 libare
1664 4649 1770 4707 proar-

71 4731 149 4788 nitns
166 4748 217 4803 per
231 4747 329 4788 aarum
346 4729 512 4785 utilitatem.
529 4730 596 4793 Quae
607 4726 707 4784 omnia
722 4727 775 4784 etsi
792 4727 821 4782 in
836 4727 894 4782 hoc
948 4727 1047 4797 bitrio,
1060 4728 1119 4784 siva
1135 4730 1164 4783 in
1178 4727 1287 4783 honum
1299 4727 1360 4784 sive
1370 4726 1400 4782 in
1413 4742 1502 4783 suum
1512 4723 1693 4783 contrarium
1705 4736 1768 4779 sese

72 4821 274 4877 universaliter
286 4820 470 4885 conveniant,
484 4818 561 4890 quod
577 4835 594 4874 a
611 4817 687 4874 bono
710 4816 821 4874 scilicet
835 4815 893 4874 Dec
950 4820 1080 4873 verteret.
1097 4817 1178 4881 Quod
1196 4816 1220 4871 ai
1237 4817 1344 4874 borum
1366 4815 1519 4887 quodlibet
1543 4812 1655 4870 ratione
1681 4824 1771 4883 rapu·

71 4909 147 4966 bonu
158 4916 291 4966 orertura
302 4906 896 4979 lieret,seoundomquodDonaviditcun·
949 4911 1056 4977 gnante
1072 4906 1163 4971 iteret,
1176 4905 1288 4962 scilicet
1303 4909 1335 4961 ut
1350 4921 1406 4976 quc
1431 4903 1517 4962 vellat
1537 4902 1674 4960 voluntas
1690 4898 1769 4972 scip·

70 5017 116 5055 ca
132 5018 195 5072 quaa
212 4999 327 5065 lecerat,
345 5005 374 5055 et
385 5007 466 5055 erant
483 4996 565 5055 valde
578 4998 675 5053 bona:
693 5004 789 5053 tamen
806 5014 897 5068 quan·
951 5014 1014 5052 sem
1030 5002 1140 5052 vertare
1155 5012 1212 5051 non
1230 4999 1338 5067 posset,
1353 4995 1490 5051 voluntas
1505 4993 1569 5065 ipsa
1582 4992 1642 5061 iam
1655 5004 1771 5047 nones·

70 5094 132 5144 tum
146 5088 297 5144 rationalia
307 5094 441 5144 creatura
452 5088 487 5141 ab
500 5084 663 5142 irrationali
674 5085 717 5142 vel
729 5085 897 5144 insensibili
951 5095 1005 5144 set.
1023 5088 1136 5158 Quippe
1150 5088 1199 5142 uhi
1217 5085 1387 5157 necessitas,
1397 5088 1460 5157 jam
1477 5101 1534 5141 non
1549 5085 1696 5149 voluntas,
1718 5094 1771 5137 nec

71 5177 195 5243 differat,
214 5194 270 5232 nnn
289 5181 333 5233 est
354 5182 489 5233 nostrum
515 5175 620 5232 docere
635 5173 679 5231 rel
703 5174 811 5243 dicare,
827 5191 895 5232 oum
952 5180 1080 5244 libertas,
1095 5184 1123 5233 et
1138 5178 1202 5233 ideo
1217 5193 1270 5232 neo
1284 5178 1434 5232 meritum.
1449 5175 1516 5232 r‘ola
1532 5172 1771 5246 namqnavoluu·

69 5266 165 5322 earinis
181 5268 229 5338 qui
248 5267 315 5321 dote
340 5264 463 5321 rationis
485 5266 588 5331 utitur,
605 5264 630 5320 si
651 5264 800 5321 attendere
815 5245 935 5335 rettuli
955 5273 1001 5324 tan
1016 5284 1079 5339 quar
1096 5266 1376 5338 libernsemperast,
1390 5271 1581 5338 etnunquam
1594 5263 1657 5336 cogi
1670 5264 1776 5335 potest,

69 5357 122 5412 hoo
139 5357 298 5412 discernat.
318 5360 385 5411 Hoc
401 5357 480 5411 enim
498 5356 661 5412 secundum
676 5353 842 5412 libertatem
856 5371 902 5411 ar·
957 5360 1033 5429 apud
1051 5358 1142 5414 Deum
1155 5357 1314 5427 judicatur,
1331 5373 1364 5413 ac
1381 5354 1593 5411 beatitudinem
1616 5353 1678 5408 sive
1690 5350 1781 5407 mise·

66 5455 146 5512 biarii
165 5472 254 5527 penes
271 5455 352 5527 quod
370 5469 459 5510 omno
475 5453 615 5511 consistit
639 5451 788 5521 meritum,
803 5453 840 5510 ad
855 5450 903 5511 sui
957 5449 1033 5504 riam
1061 5452 1252 5520 premeretur.
1268 5445 1379 5503 Sensus
1403 5460 1481 5517 vero,
1497 5447 1530 5500 ut
1557 5441 1717 5516 appetitus,
1731 5453 1784 5497 nec

70 5550 108 5601 Cr
143 5546 216 5604 toris
230 5545 390 5619 imaginem
405 5547 514 5615 creata,
531 5541 594 5602 sola
609 5541 789 5600 miseratori
804 5546 901 5615 potest
958 5540 1076 5598 bertram
1090 5555 1140 5598 nro
1158 5540 1298 5596 misarum
1315 5537 1446 5605 iaciunt;
1465 5535 1598 5608 alioquin
1616 5534 1704 5592 bruta
1720 5529 1786 5589 aul·

217 5667 351 5730 Parnon.
371 5662 504 5729 ctxvl.
889 5696 896 5706 ·
1608 5655 1649 5715 th
