3788 6000
72 294 129 356 m
693 295 906 360 CHRONIGA.
928 328 967 344 ··
989 297 1063 358 tin.
1087 298 1143 362 111.
1719 306 1779 371 m

70 448 134 506 quaa
150 429 287 488 amicitias
301 431 349 469 ””
363 431 481 502 Ioedars,
497 450 555 508 quo
569 432 620 471 ’ω’
634 432 691 491 sibi
714 432 893 492 Luthoidum
910 433 937 503 Α
988 433 1109 490 Advolat
1124 435 1268 509 externplo
1281 435 1330 473 ’Μ’
1344 436 1479 511 lugubria
1494 441 1591 498 turma
1605 459 1740 514 suorum,

74 531 124 579 aut
137 521 269 579 vinctusn
285 522 385 580 mittat
398 523 455 593 ⁸⁰⁰¹,
470 524 534 582 sins
548 541 639 593 mors,
655 532 703 582 aut
719 526 754 581 de
777 523 898 581 castello
953 528 982 579 at
997 530 1123 582 extracta
1139 525 1224 582 hasta
1238 525 1286 562 ’Μ’
1302 529 1478 586 seminecem
1493 530 1589 588 levant
1600 534 1713 592 ducem.
1725 534 1776 593 illa

70 629 123 670 suo
138 628 207 669 eum
223 612 351 686 expoliat
366 614 467 671 eadem
482 613 565 672 bora.
578 616 660 682 Quod
674 631 740 672 curn
756 631 814 671 non
827 616 897 672 iate·
952 617 1049 668 autem
1067 614 1202 670 minister
1216 618 1340 683 ticiano,
1356 618 1426 674 dum
1444 622 1586 678 accelerat
1599 623 1696 695 iugum
1723 640 1776 697 per

71 706 115 759 ret
138 700 309 772 anacteum,
332 701 492 761 castellanis
518 720 568 775 per
589 705 719 761 fraudem
745 704 822 761 iuras
847 721 897 761 es·
953 709 1065 759 noctem
1084 720 1215 777 opacam,
1231 706 1432 780 precipitatur
1446 724 1513 765 cum
1528 727 1604 783 equo
1624 712 1653 769 in
1673 713 1774 773 cister·

70 789 171 860 cineis,
186 794 251 864 ipsa
266 807 333 849 cum
350 791 412 848 suia
427 791 569 850 militibus
585 791 612 849 si
627 793 734 850 obtulit
754 798 896 850 castrum.
951 807 1031 859 narn,

68 880 150 938 Tunc
165 881 324 939 Godiridus
336 880 386 918 ’ω’
400 898 467 939 oum
483 882 596 955 tegatis,
612 882 661 955 qui
676 882 711 938 ad
728 898 796 940 eum
812 883 895 941 misai
987 883 1080 948 Quam
1097 900 1224 958 praecaps
1240 888 1355 945 torrens
1368 888 1526 947 decurrens
1543 891 1650 950 iecerat
1659 895 1774 965 ymbre.

71 972 199 1042 inerant,
214 973 343 1030 occurrit
356 973 424 1030 duci
438 975 522 1046 juxta
538 974 679 1048 oppidum
703 976 840 1043 Wranon
866 977 897 1031 et
986 974 1131 1030 Incertum
1145 982 1187 1031 aet
1200 979 1297 1032 utrum
1310 976 1372 1050 ipse
1382 995 1469 1035 uranu
1479 996 1530 1037 suu
1541 997 1576 1037 an
1588 982 1774 1057 giudiualap·

69 1080 167 1121 eoram
185 1065 326 1121 omnibus
345 1062 453 1121 clamat
468 1063 623 1121 Lutoidum
639 1064 782 1138 pertidum
793 1080 857 1121 essa
868 1067 897 1121 ct
949 1077 1001 1118 sus
1016 1060 1052 1118 de
1067 1063 1172 1135 vagina
1186 1064 1306 1121 itanum
1323 1068 1452 1137 precidit
1467 1084 1517 1141 per
1532 1069 1581 1106 ’ω’
1591 1072 1774 1130 mediomat-

69 1152 236 1227 reipnbiicee
245 1152 399 1210 inimicum
410 1170 417 1222 ;
427 1157 555 1210 castrum
567 1169 635 1210 vero
647 1152 703 1210 sibi
714 1151 763 1189 ’Μ
772 1153 828 1209 sub
839 1153 897 1210 ilde
949 1165 1029 1218 vum,
1047 1160 1075 1207 ut
1087 1152 1187 1208 omnia
1198 1153 1254 1209 sihi
1264 1153 1416 1212 stituerunt
1427 1166 1502 1215 exta.
1512 1158 1557 1215 Fit
1566 1164 1710 1219 tumuitus
1722 1180 1772 1235 par

70 1242 267 1300 amicabiliter
281 1241 329 1279 ””
344 1245 519 1316 prestitum,
532 1245 593 1316 jam
614 1242 761 1300 hostiliter
784 1243 819 1298 ud
844 1259 894 1300 ex·
949 1239 1097 1309 attendit
1109 1241 1483 1317 insiliuntequue,aiiicurn
1495 1250 1772 1310 armishucetiiiuc

69 1334 266 1408 pugnandum
293 1334 422 1407 postulat
445 1333 530 1391 ducis
553 1332 602 1370 ”⁰⁸
628 1332 781 1390 auxilium.
805 1334 895 1406 Cujus
949 1329 997 1366 ⁸⁰²⁹
1011 1330 1187 1401 discurrent,
1205 1334 1413 1407 investigantes
1429 1339 1502 1394 tanti
1524 1338 1591 1396 annii
1614 1340 1770 1399 machina-

71 1423 278 1497 peticionidus
290 1441 346 1481 non
358 1426 493 1481 abnuens
503 1423 632 1481 admovit
642 1423 801 1480 exercitum
814 1424 895 1481 urbia
948 1424 1053 1477 torem.
1078 1420 1143 1478 Mox
1166 1422 1285 1495 quidam
1308 1423 1420 1482 invonit
1443 1442 1510 1483 aum
1535 1427 1718 1500 semivirum,
1743 1435 1774 1488 et

70 1528 119 1586 par
133 1512 303 1581 circuitum,
316 1512 365 1570 ubi
380 1529 433 1586 per
453 1529 502 1570 ses
527 1512 705 1570 ebdomadas
728 1509 755 1567 vi
776 1528 895 1570 summa
948 1510 1083 1583 quamvis
1098 1517 1170 1568 satra
1186 1512 1221 1567 ud
1239 1521 1360 1569 mortem
1372 1515 1476 1572 habuit
1489 1516 1770 1586 ”statunatunaen

71 1610 153 1661 aucte
167 1606 198 1659 et
211 1603 259 1659 die
272 1601 437 1660 oonsaritur
451 1618 559 1675 pugna,
587 1602 679 1659 donau
705 1602 806 1669 tames.
829 1618 894 1676 qun
948 1609 1081 1674 amputat
1096 1619 1166 1660 cnse
1181 1608 1268 1674 raput
1282 1604 1346 1676 ejus
1362 1605 1482 1664 dicans:

71 1694 170 1750 tranas
184 1696 333 1766 expugnat
349 1692 438 1749 urbes
453 1692 538 1765 (666),
553 1689 706 1767 praevaluit
729 1694 759 1749 in
785 1699 891 1750 castro.
948 1690 1055 1761 Inferni
1068 1696 1165 1764 turcus
1180 1692 1227 1728 ’Μ’
1244 1709 1297 1751 non
1313 1692 1477 1752 insumitis
1491 1696 1527 1753 ud
1541 1700 1663 1767 umbros,

71 1784 109 1840 iia
121 1781 170 1820 ⁸⁰⁸⁸
184 1783 281 1840 victus
298 1782 440 1840 Lutoidus
455 1787 484 1840 at
499 1781 575 1840 hailo
591 1783 701 1840 tractus
716 1791 801 1840 noctu
818 1783 891 1840 claun
907 1812 931 1877 B
950 1781 981 1837 t’t
1005 1782 1110 1840 teretis
1133 1781 1181 1819 ⁸⁰³²
1207 1800 1308 1854 pancro
1331 1802 1394 1843 meu
1416 1788 1489 1857 suctu
1512 1791 1620 1862 referre
1646 1806 1771 1849 menen·

71 1871 186 1945 elapsus
202 1874 250 1928 vix
264 1871 346 1929 aolus
361 1872 486 1945 aufugit,
506 1870 627 1929 omissis
641 1869 688 1908 ³⁰⁰¹
704 1871 744 1929 itt
758 1870 806 1909 ³⁰⁰⁸
829 1875 893 1930 auis
1595 1878 1633 1951 [aa
1659 1880 1733 1955 (665)

72 1961 212 2019 miiitibus
226 1960 285 2027 ⁸⁰⁸¹,
296 1963 346 2035 qui
359 1961 434 2018 iacto
447 1977 534 2018 mana
543 1962 717 2035 semetipsos
727 1970 753 2018 st
765 1972 891 2019 castrum
981 1959 1045 2017 oux
1055 1965 1153 2017 sutem
1166 1960 1225 2029 ⁸⁰⁸³,
1236 1961 1305 2018 licet
1315 1961 1344 2018 in
1361 1967 1442 2020 tanto
1456 1964 1607 2023 doloresit
1620 1969 1731 2040 positus
1741 1977 1769 2030 ct

70 2052 187 2109 tradunt
203 2053 233 2109 in
249 2067 368 2109 ananum
384 2051 477 2108 ducis.
496 2051 692 2109 intonandum
707 2051 770 2110 hoc
794 2069 893 2126 pugna
945 2066 1078 2121 macrore,
1095 2049 1146 2108 tila
1161 2057 1282 2109 nonteet
1296 2053 1462 2126 insequenti
1477 2056 1524 2112 die
1546 2072 1605 2115 nun
1622 2058 1770 2119 relaxabat

69 2144 177 2213 paritur
193 2140 291 2199 Paulis
306 2140 364 2211 ⁸⁰¹⁸,
378 2140 458 2198 iilius
472 2141 638 2215 iiarquardi
650 2140 707 2212 ⁸⁹¹¹,
718 2142 893 2215 paedagogus
944 2141 1078 2214 spiritum
1094 2145 1122 2198 et
1132 2158 1183 2198 ors
1193 2158 1211 2198 a
1222 2141 1308 2199 laude
1320 2143 1380 2205 Dei.
1393 2160 1470 2203 nuno
1484 2143 1669 2205 lacrimosam
1682 2149 1773 2221 paeni·

67 2231 231 2298 wladislai.
248 2231 546 2301 sapittatuamnrirnr,
557 2231 626 2290 itam
638 2231 734 2289 Debes
744 2231 801 2302 ””,
813 2233 892 2289 fitius
943 2230 1067 2288 tenuium
1082 2231 1237 2300 offerendo,
1255 2249 1333 2290 nuno
1346 2232 1395 2270 ⁸⁰⁸⁴
1410 2251 1465 2292 sua
1479 2244 1595 2307 pecnnia
1606 2238 1769 2297 confitendo

67 2323 187 2380 Letisnir
201 2320 262 2393 ⁸⁰¹¹,
277 2321 362 2380 dum.
944 2328 1003 2378 tam
1018 2321 1155 2395 episcopo
1175 2320 1342 2379 Hermanno
1364 2340 1451 2396 quam
1478 2324 1544 2382 aliia
1566 2328 1769 2388 sacerdotibus

98 2414 153 2471 Per
167 2416 261 2470 vicem
279 2428 362 2470 suam
381 2414 476 2469 servat
490 2411 605 2485 vigilias
625 2412 730 2470 noctis.
943 2410 1004 2470 Dei.
1016 2411 1170 2469 Tributunr
1187 2416 1282 2469 autem
1299 2414 1376 2486 quod
1393 2430 1427 2470 eo
1442 2419 1571 2487 tempore
1587 2418 1643 2474 tuit
1657 2419 1692 2476 de
1714 2419 1769 2479 Po·

63 2501 220 2560 occiditur.
236 2500 287 2558 His
302 2501 419 2558 duobus
434 2501 553 2559 amissis
568 2505 598 2557 et
613 2501 725 2558 reddita
740 2501 813 2559 urbe
831 2501 889 2559 Go·
942 2498 1160 2570 loniaulistum,
1171 2506 1200 2560 et
1210 2502 1350 2575 quicquid
1360 2504 1390 2560 in
1402 2519 1457 2560 sua
1467 2503 1636 2562 invenit³⁰³⁸
1646 2524 1769 2580 camera,

62 2594 162 2659 ttridn,
178 2593 239 2649 dus
252 2593 344 2650 victor
357 2608 424 2648 curn
445 2592 508 2649 suia
523 2596 634 2648 remeat
649 2591 679 2648 in
696 2592 853 2649 toarniam.
942 2606 994 2663 per
1004 2606 1110 2648 manua
1118 2590 1248 2665 episcopi
1260 2592 1400 2650 iscitdari
1411 2591 1461 2629 ³⁰³⁵
1472 2598 1720 2666 permonssteria.
1734 2603 1768 2656 st

94 2683 143 2739 ts.
159 2683 287 2755 tamque
301 2681 409 2738 Christi
422 2680 573 2737 nativitate
583 2679 847 2753 adpropinquante,
860 2685 890 2738 et
941 2695 1006 2736 oum
1023 2678 1218 2749 disposuisset
1232 2681 1331 2738 omnis
1346 2698 1411 2754 quae
1421 2687 1506 2740 erunt
1520 2684 1703 2756 disponenda
1714 2706 1767 2762 pro

60 2777 182 2845 propter
195 2770 384 2827 venacionem
400 2770 431 2829 in
445 2769 516 2826 vilia
529 2770 664 2827 stibecna
677 2768 725 2806 ⁸⁰¹⁴
741 2771 814 2827 duce
827 2787 888 2828 mo·
940 2769 1056 2830 anima:
1072 2768 1151 2836 uuo,
1178 2769 1286 2842 iuquit,
1309 2770 1397 2842 Atinio
1420 2789 1480 2830 meo
1504 2772 1606 2832 lituum
1630 2792 1719 2835 masaa
1740 2784 1767 2836 at

60 2868 154 2929 rante,
171 2861 299 2933 quadam
316 2861 364 2917 die
376 2859 453 2917 iuter
464 2859 668 2932 prandendum
682 2859 888 2918 icaturdisisse
937 2859 1073 2931 jocrrtum,
1088 2862 1189 2916 caeteru
1205 2874 1258 2916 nou
1274 2869 1314 2916 est
1328 2877 1420 2918 meum
1434 2863 1489 2919 siti
1512 2863 1587 2933 dure,
1610 2883 1670 2938 puae
1696 2869 1766 2925 Deus

60 2951 117 3008 dus
131 2950 183 2988 ⁸⁹¹³
196 2950 234 3007 ad
247 2949 407 3022 quomdam
422 2954 585 3006 venatorem
601 2946 659 3017 ⁸⁰¹⁸,
671 2949 721 3021 qui
733 2965 789 3006 non
801 2949 887 3023 longa
937 2946 1027 3020 posuit
1044 2950 1072 3004 in
1087 2963 1138 3003 suu
1152 2956 1291 3019 potestate.
1307 2949 1340 3005 iit
1355 2951 1396 3007 ita
1411 2949 1459 2987 ³⁰⁸⁷
1476 2955 1504 3007 in
1524 2956 1655 3025 sequenti
1681 2962 1764 3015 nocta

59 3043 92 3098 ab
107 3058 146 3098 eo
160 3041 199 3097 ad
216 3045 353 3112 quartam
369 3040 489 3095 sedebat
504 3054 637 3095 mensam
653 3055 660 3095 :
677 3039 748 3095 iteus
764 3044 887 3096 trunto!
941 3045 1003 3109 post
1019 3035 1187 3108 guiticinuru
1209 3038 1284 3092 inter
1307 3054 1413 3093 manue
1437 3043 1619 3099 sacerdotum
1642 3044 1673 3100 it
1700 3045 1763 3104 ital.

59 3143 141 3195 putus
156 3147 203 3185 me
219 3131 336 3199 ancira,
352 3131 413 3202 quis
426 3131 461 3185 ssi
476 3129 549 3184 inter
560 3143 606 3183 uos
621 3129 669 3200 oui
682 3127 728 3163 ⁸⁰¹²
743 3144 786 3184 me
809 3144 885 3202 pua:-
938 3125 1082 3193 ianuarii,
1096 3125 1179 3181 velud
1198 3127 1292 3183 bonus
1314 3126 1364 3184 Dei
1388 3126 1436 3164 ³⁰³⁸
1461 3129 1582 3197 athleta,
1607 3137 1763 3206 utrumque

59 3224 94 3279 rit
108 3220 295 3290 interficere?
309 3220 344 3276 Et
359 3219 418 3286 iiie,
434 3220 604 3275 sicuthomo
615 3222 676 3276 orat
684 3221 840 3276 vehemens
850 3218 880 3275 in
903 3189 1069 3272 chominis
1087 3215 1286 3272 substanciam
1303 3216 1331 3272 in
1348 3233 1402 3273 aua
1416 3219 1515 3274 divisit
1529 3221 1656 3289 exordis,
1672 3238 1762 3297 quam

60 3311 166 3380 serbis,
177 3309 346 3367 ciarnat⁸⁰¹⁸
358 3325 365 3365 :
379 3309 478 3366 Procas¹
489 3309 558 3364 deus
573 3308 625 3364 too
637 3312 743 3365 coartat
759 3324 807 3365 nec
822 3319 885 3367 tuus
940 3306 1039 3377 procui
1055 3305 1144 3362 dubio
1159 3305 1306 3363 oredimus
1322 3310 1373 3363 oui
1382 3307 1445 3379 ium
1466 3306 1515 3344 ⁸⁰³⁹
1539 3311 1688 3384 aucupissa
1712 3319 1763 3372 aut

61 3403 152 3457 ustas
165 3404 279 3473 parcnt,
300 3398 370 3473 puin
393 3401 451 3470 ipse
472 3399 559 3454 cicius
581 3397 722 3454 occidutur
746 3400 795 3470 pai
814 3400 884 3457 tutin
934 3395 997 3467 jam
1013 3393 1061 3429 ⁸⁰⁸⁰
1075 3399 1262 3466 accepturum
1279 3394 1407 3452 colestia
1423 3399 1680 3474 consortiacujus
1692 3404 1763 3461 trra-

61 3490 245 3546 assrisissntur.
271 3488 312 3545 Ad
328 3488 391 3544 hnc
415 3487 494 3544 dux:
517 3486 558 3543 At
581 3484 650 3543 ³⁰¹⁰!
666 3486 731 3563 tune
756 3488 809 3555 uir,
832 3489 882 3555 ait,
938 3488 1015 3541 trum
1033 3502 1108 3542 unus
1124 3502 1159 3542 ex
1173 3484 1250 3542 claro
1264 3501 1391 3558 sequeus
1406 3491 1761 3565 usqueadsapulohrum,

62 3581 131 3637 aetii
143 3582 189 3652 fus
204 3587 243 3636 est
257 3580 361 3636 satura
375 3577 535 3634 incustodito
544 3575 647 3642 sutum.
659 3580 776 3632 Postera
784 3582 883 3634 autem
938 3574 1109 3644 hujusmodi
1127 3576 1275 3648 planctum
1296 3576 1344 3614 ²⁰⁴¹
1369 3578 1495 3637 iurabat
1518 3579 1634 3640 dicens:
1660 3584 1761 3642 Anima

64 3669 103 3725 die
118 3669 199 3741 (Dec.
215 3667 273 3741 21).
288 3668 358 3741 quia
369 3667 461 3723 uncti
472 3666 591 3723 Thomas
601 3665 725 3737 apostati
736 3671 799 3722 crat
809 3665 883 3739 argi·
939 3665 1080 3720 Brucsnidi
1093 3663 1205 3721 sutuoui
1219 3664 1326 3739 odonam
1338 3666 1519 3740 ciudtecpers
1532 3671 1666 3728 ttuaotoo
1691 3674 1763 3731 tru-

63 3758 108 3825 lta,
124 3776 212 3816 mans
226 3759 327 3815 audita
342 3754 432 3813 missa
442 3755 466 3812 it
480 3761 629 3825 venatum,
646 3759 749 3812 etcum
760 3754 788 3812 in
799 3761 883 3813 nocte
936 3753 1217 3828 cutrsuepatiroi.³“’
1231 3756 1317 3829 (666).
1335 3758 1407 3814 Mira
1424 3775 1479 3828 ras,
1495 3760 1538 3815 siu
1555 3760 1623 3817 iictu
1641 3762 1761 3820 snoute-

62 3851 116 3920 iarn
133 3852 254 3917 rediret.
269 3854 426 3907 occurrunt
440 3847 465 3905 ei
487 3854 554 3904 ante
578 3846 678 3903 vitiano
701 3849 883 3919 appariturae
938 3861 1001 3900 rum
1020 3853 1048 3902 ct
1062 3844 1203 3916 populum
1221 3847 1384 3904 concitabat
1400 3847 1447 3885 ⁸⁹⁴³
1465 3848 1502 3905 ad
1518 3849 1629 3917 ilatum.
1647 3856 1678 3909 ut
1690 3855 1760 3909 dum

65 3955 125 3996 cum
140 3940 263 3996 internis
277 3944 307 3995 at
319 3939 431 3994 facibus
446 3936 505 3991 ³⁰⁸⁰.
522 3941 645 4009 Moxque
660 3935 817 4004 toranus,
829 3937 882 3996 im·
937 3934 1021 3990 iteras
1036 3934 1131 4006 magia
1146 3932 1215 3990 itere
1231 3934 1327 3993 valiae.
1344 3939 1481 4008 Sepultus
1501 3944 1547 3996 est
1571 3945 1669 3997 autem
1694 3958 1761 4000 corn

66 4030 126 4101 pius
141 4029 216 4085 latro
233 4024 801 4100 missussdiabolu‚prosiiitaxiatituio
814 4043 883 4102 praa·
937 4024 1065 4081 maximo
1081 4022 1200 4096 pluuotu
1215 4041 1336 4082 suorum
1357 4027 1386 4082 in
1416 4028 1574 4101 polyandro
1593 4028 1642 4065 ³⁰⁸⁴
1665 4032 1760 4088 suncti

66 4117 172 4174 tinctus
185 4117 296 4189 gladio,
311 4123 341 4174 et
354 4124 387 4174 ut
401 4118 504 4174 turtius
519 4116 620 4182 valuit,
645 4116 721 4175 iuter
745 4117 808 4190 ipsa
831 4117 882 4175 ilia
939 4112 1759 4191 wencezlaierotesisforinsecusanraportamasinistria.

66 4210 164 4265 ducam
182 4206 233 4244 '⁰¹'
248 4208 394 4280 percussit
408 4206 550 4263 venabulo
562 4204 619 4260 ⁸⁰²³.
636 4205 698 4264 Non
719 4205 804 4265 aliter
822 4209 882 4266 dua
936 4204 1042 4276 utipse
1057 4203 1250 4273 disposuerat.
1267 4203 1320 4262 Ubi
1342 4223 1423 4263 soror
1445 4208 1509 4279 ejus
1535 4210 1680 4278 Ladmus,
1702 4212 1760 4269 Deo

64 4294 104 4333 '⁸¹⁸
116 4297 194 4354 csdit
210 4297 240 4354 in
257 4295 352 4355 medio
366 4294 429 4353 loco
443 4295 501 4368 ⁸⁸¹⁵,
515 4311 559 4368 uu,
937 4296 1039 4352 devota
1055 4293 1165 4352 inmuta
1177 4292 1235 4366 ⁸⁰⁸⁵,
1251 4311 1340 4371 supra
1355 4298 1516 4357 testudines
1532 4304 1694 4360 construxit
1708 4319 1759 4361 nr·

93 4387 124 4447 Si
138 4389 237 4447 oisrua
253 4387 367 4447 Lucifer
380 4387 453 4446 conio
467 4386 619 4445 recidisset
634 4386 669 4445 sb
685 4386 753 4446 alto.

734 4539 855 4598 VARIAE
871 4538 1077 4599 ascalonus,

89 4670 234 4729 ””Fidai
251 4674 284 4731 A.
321 4670 462 4743 ⁸⁰⁰⁰quod
476 4671 504 4726 6.
520 4667 567 4705 ”⁰¹
581 4668 697 4725 corr.A.
736 4665 785 4704 ’ω’
800 4664 970 4723 Gothisidus
984 4666 1011 4721 6.
1049 4663 1224 4719 ³⁰⁰⁸drest3.
1261 4665 1562 4725 ”sententious
1587 4675 1620 4728 A.
1657 4673 1705 4710 ⁸⁰⁰¹
1727 4673 1756 4730 in

58 4745 139 4800 addit
152 4747 180 4801 2.
219 4743 356 4800 *victa
371 4742 602 4811 andiniacus
619 4739 770 4808 odd.t(ut
807 4738 854 4775 ’Μ’
870 4739 988 4794 amissis
1002 4738 1029 4792 3.
1068 4735 1411 4795 manutenuerunt
1430 4749 1462 4794 A.
1500 4741 1625 4798 ⁸⁰⁰iniit.
1646 4745 1755 4802 auten,

57 4813 521 4885 ἰ”Ἰίι6161ι2.2(6(3.6.6(ιι.
560 4811 607 4849 ⁸⁰¹¹
621 4809 798 4869 Mnrkwardi
812 4811 840 4866 2.
878 4808 1068 4865 ”studies-'i
1107 4807 1754 4890 ⁸⁰¹⁸iipntimir2.lstimir3.i.stimirt.ti(u).

55 4884 496 4957 *testacea-auaetnautc
532 4884 662 4940 Sabeone
677 4884 704 4938 3.
720 4882 888 4939 Sbcncnat.
902 4882 918 4937 6
915 4881 980 4989 (ιη.
1019 4880 1308 4965 ³⁹}⁸duxduxneaA.
1346 4880 1609 4967 witsantdis).
1647 4886 1756 4960 ⁸⁸¹²qni

52 4959 128 5069 papie„
144 4976 196 5015 w,
211 4962 244 5015 Α,
282 4956 331 4996 usas
341 4955 544 5086 frssclmgss
556 4955 584 5083 (Β
596 4955 645 5042 (αὶ,
662 4953 730 5080 ¹saras
741 4953 866 5082 ΛΟΜ(
878 4955 905 5081 2
941 4955 964 4988 ³0
979 4953 1107 5076 imit?
1122 4968 1194 5078 οἷν.
1212 4954 1365 5080 affligunt.
1377 4958 1407 5078 ¹et
1419 4970 1509 5083 arradit}
1523 4957 1628 5084 “farm
1639 4958 1666 5018 6.
1679 4958 1756 5069 “gii
1783 5016 1786 5021 ,

50 5031 335 5174 Ιυιοιΐ.ῑξ.22’(ῑ6ῖ.116ί.
362 5028 572 5172 ’Μαὲιὶίιηρίο
588 5042 789 5155 rsz'ggmas‘ira
805 5104 838 5154 A.
856 5024 966 5151 ’wir
982 5099 1009 5151 2.
1047 5041 1196 5151 ³2²'mettas
1210 5095 1267 5151 icoo
1284 5041 1470 5170 Arfitizuigasisa
1484 5071 1519 5156 6.·
1549 5072 1598 5138 ’Μ
1622 5031 1756 5161 Quom

48 5176 119 5245 su).
141 5172 191 5211 ’θ’
210 5175 301 5229 iurans
314 5178 348 5230 A.
366 5174 467 5230 turnus
486 5173 513 5228 6.
528 5172 594 5243 6(α)
631 5168 680 5207 ¹⁰³²
692 5171 767 5226 ocris
783 5170 815 5226 A.
831 5168 869 5225 ut.
885 5184 960 5225 mun.
977 5183 1127 5251 supparus.
1144 5167 1265 5221 Cereris.
1303 5166 1352 5204 ⁸⁰¹³
1368 5169 1649 5231 annuntiantum.
1676 5176 1692 5230 6
1715 5174 1743 5249 (u

49 5245 610 5303 *nanno—conuaandoutmunusn
632 5244 811 5308 marpined.
849 5240 896 5277 ⁸⁰⁸⁸
920 5239 1027 5296 invenit
1052 5255 1082 5294 in
1109 5255 1160 5294 sua
1184 5241 1216 5294 Α.
1256 5237 1305 5275 ””
1330 5240 1399 5297 dare
1421 5243 1449 5297 3.
1475 5245 1491 5299 6
1517 5247 1568 5316 (ιι).
1606 5246 1716 5304 ”itata

48 5318 155 5376 “dei
173 5320 270 5374 bonus
285 5323 316 5376 A.
354 5315 486 5374 mosen
500 5316 527 5373 3.
565 5313 942 5379 ⁸⁶⁴⁸omattuatA.t.-itu).
980 5310 1026 5395 ⁸⁰.⁸¹
1044 5311 1160 5382 pianrtu
1177 5311 1204 5366 3.
1242 5307 1290 5347 ⁸⁰⁸¹
1303 5311 1425 5385 yskyroa
1440 5316 1468 5372 3.
1483 5319 1624 5394 pachyros
1638 5319 1754 5396 6.6(α).

48 5390 91 5436 ’δ’
102 5391 205 5449 ciebat
217 5390 246 5446 2.
261 5389 278 5445 2
293 5391 342 5463 (tt.
357 5390 385 5449 3.
402 5390 431 5448 6.
451 5389 528 5462 Mu).
566 5385 614 5425 ””
629 5384 790 5461 podiandro
805 5387 838 5442 A.
856 5372 1026 5457 polyandrio
1041 5382 1069 5438 3.
1107 5380 1155 5420 ⁸⁰⁶¹
1170 5383 1240 5438 ium.
1257 5383 1315 5440 Deo
1329 5385 1393 5441 dev.
1417 5386 1451 5443 A.

850 5518 957 5580 NOTAE

78 5634 143 5705 (666
169 5631 233 5693 Cir.
250 5630 371 5698 Lucan..
387 5630 490 5689 Pium.
507 5629 555 5703 IV,
571 5629 633 5688 616.
800 5677 804 5684 ,
967 5620 1159 5705 666)ἳσχορος

83 5708 95 5782 (
174 5704 275 5780 Virss„
287 5702 352 5765 En.
369 5701 408 5778 11,
420 5702 485 5762 566.
