3788 6000
73 196 155 302 iios
719 239 898 302 clanim
922 239 1144 304 ursrosres.
1701 252 1782 315 arur

75 374 217 432 Providus
234 375 263 431 in
280 375 372 442 luctis,
388 375 449 430 nuli
465 391 599 433 sermone
615 376 773 432 secundus.
914 379 938 443 Α
956 376 1060 433 'l'unde
1074 376 1178 435 dolens
1193 384 1305 452 pectus,
1320 380 1431 437 laceros
1443 381 1496 438 tibi
1508 382 1602 455 diripe
1617 385 1724 456 crines,

69 463 251 537 Erigolismu,
268 464 344 531 dole,
360 469 441 522 tanto
456 466 575 523 viduata
588 469 720 537 patrono,
953 464 1116 522 Dummodo
1134 484 1259 539 persone
1275 486 1374 526 cereus
1388 468 1457 528 huic
1472 471 1691 544 equiperands.

74 553 207 625 Lnnguss
222 571 288 610 occe
302 553 345 610 tui
365 555 565 611 moderamine
581 555 715 628 presulis
730 555 811 613 orba.
952 554 1010 611 Nec
1025 560 1122 613 tamen
1141 557 1170 612 in
1186 556 1324 633 lacrymis
1335 576 1466 632 unquam
1480 563 1532 616 tua
1545 567 1614 618 vota
1629 578 1739 620 coerce.

75 643 227 699 luteritnm
244 644 359 713 timeas,
376 645 494 717 dempto
511 645 711 701 moderamine
725 643 858 716 langues,
951 643 1077 714 Spiritus
1093 651 1127 700 ut
1141 646 1255 703 venium
1273 647 1390 705 Radulll
1406 655 1616 721 promereatur.

72 732 147 788 Huic
158 733 305 805 siquidem
321 732 433 790 nullum
451 752 508 790 non
525 734 621 791 nescis
643 734 894 807 aequiparandum.
950 732 980 787 ld
994 733 1171 806 puer,idque
1182 751 1280 804 senex,
1292 741 1509 810 lectorquoque
1519 739 1764 812 poscetidipsnm.

69 820 148 878 Urbs
163 827 261 878 tumen
277 821 377 879 infelix
393 831 473 880 artus
489 840 626 880 venerere
640 830 786 896 paternos.
1122 840 1211 912 Super
1237 844 1391 914 mmmm
1419 845 1592 903 parandum,

102 910 154 967 05⁰
170 927 294 983 quoque,
313 913 500 969 ¹i2111⁸0⁸¹¹d³i
511 911 656 969 Gufflsslffli
669 911 791 986 ΒΡῙΓῙῑῦθ
802 916 892 969 ssim·
947 924 1070 984 Nomine
1081 927 1239 986 Durandus
1250 931 1327 1002 jacet
1343 932 1390 988 hic
1405 934 1512 1005 presul
1536 935 1734 1004 venerandus,

341 1001 428 1074 Super
443 1002 619 1059 liriiuudum.
981 1016 1072 1082 Quem
1089 1019 1307 1076 commendarit
1322 1021 1384 1077 vitu
1399 1023 1528 1094 benigna
1540 1024 1609 1096 Dec,

66 1087 175 1145 Littera
190 1106 277 1163 quem
295 1090 374 1146 dives
391 1108 528 1161 magnum
541 1093 631 1162 jubili·
645 1092 747 1148 extulit
762 1091 835 1155 orbi,
944 1106 1104 1175 Exsequias
1120 1107 1260 1174 celebpefl,
1276 1126 1339 1180 que
1357 1111 1448 1167 {orma
1463 1112 1544 1169 fuero
1558 1113 1712 1187 triumphi¹

100 1179 170 1234 Orbi
188 1179 340 1236 dellendus
359 1179 419 1250 hic,
433 1181 577 1248 Erilande,
591 1182 678 1252 jocos.
980 1191 1166 1257 Dispeusnvit
1180 1195 1205 1251 ei
1220 1195 1312 1266 gratia
1328 1214 1445 1254 summe
1462 1200 1521 1257 llei.

64 1273 166 1340 Magne
184 1285 283 1336 senex,
300 1268 401 1342 lingua
418 1270 527 1343 pariter
539 1271 684 1341 iucundus
700 1274 729 1326 et
743 1273 820 1335 actu,
944 1278 1080 1337 Urbanus
1095 1284 1205 1355 synodo
1222 1285 1351 1356 generali
1373 1302 1449 1359 pspa
1463 1293 1576 1359 vocata,

98 1357 255 1414 Sul'fiueres
271 1359 336 1414 orbi
351 1359 376 1414 si
393 1359 552 1416 diuturnus
566 1376 642 1416 eras.
979 1372 1079 1426 Patres
1096 1371 1140 1426 bis
1157 1377 1274 1428 centnm
1293 1373 1384 1429 movit
1398 1374 1434 1429 ad
1455 1375 1641 1448 obsequium.

60 1449 119 1501 Nec
135 1463 225 1513 mors,
237 1464 289 1503 nec
304 1448 419 1503 senium
432 1464 608 1520 quemquem
625 1447 888 1518 nocuisset,utipse
941 1456 1037 1513 Tertia
1052 1476 1116 1530 quae
1131 1460 1275 1517 decimam
1292 1462 1387 1519 lucem
1398 1464 1478 1535 pmii
1493 1469 1562 1522 anto
1577 1465 1764 1523 Deoembrem

97 1535 246 1593 Nescisses
263 1542 386 1593 mortem
402 1540 498 1594 tuliter
518 1543 569 1593 eut
583 1538 710 1594 senium.
977 1543 1048 1601 Vites
1063 1548 1216 1618 presentis
1231 1549 1329 1605 lumen
1349 1550 1454 1605 ademit
1468 1551 1506 1607 oi.

58 1623 113 1680 Sed
131 1626 269 1697 quonism
286 1641 444 1682 commune
461 1629 534 1684 mori
551 1632 605 1697 est,
631 1632 659 1683 et
679 1627 788 1683 labitur
804 1630 883 1696 etas,
940 1635 1063 1690 Auernis
1079 1642 1197 1692 sunotos
1212 1636 1324 1693 cineres
1341 1643 1505 1695 reverenter
1520 1639 1625 1696 habeto

96 1715 236 1771 Purcatur
251 1715 399 1789 lucrymis,
416 1718 513 1789 sitque
536 1716 618 1774 locus
630 1718 776 1790 precibus.
899 1745 923 1811 B
975 1724 1069 1795 Atque
1084 1725 1245 1797 patrocinio
1262 1727 1353 1784 tutior
1366 1732 1428 1784 esto
1447 1743 1511 1784 suo.

58 1807 133 1859 Dum
151 1808 179 1860 te
192 1810 271 1862 terro
283 1805 360 1864 louet
376 1814 425 1861 tue
440 1806 569 1863 mollitur
584 1823 652 1864 osse
666 1807 828 1879 quiescent,
1134 1813 1223 1886 Super
1240 1815 1366 1872 eumdem
1387 1816 1564 1873 Durundum.

94 1895 139 1951 Sit
153 1912 268 1968 quoqne
284 1913 349 1953 cum
367 1897 484 1954 Christo
501 1915 566 1970 pex,
586 1897 731 1964 Erilunde,
747 1897 810 1954 tibi.
937 1900 1129 1972 Temporibus
1144 1901 1232 1959 luteis
1247 1905 1292 1959 vir
1313 1920 1427 1976 magum
1441 1904 1637 1971 strenuitatis,

218 1986 248 2043 iit
264 2001 349 2057 supro
368 2003 453 2056 super
468 1988 580 2043 Petrum
594 1989 727 2060 priorem.
971 1995 1067 2049 Aures
1081 1996 1235 2050 Ducendus
1250 1993 1358 2052 sucula
1374 1996 1513 2052 restituit.

60 2076 140 2132 ltlors
156 2075 236 2132 velut
250 2077 366 2134 elirenis
383 2077 478 2149 ruptis
494 2077 654 2134 bacchatur
668 2077 800 2135 habenis.
936 2081 1072 2138 Arvernis
1088 2081 1195 2154 presul
1209 2083 1385 2156 dignissima
1400 2083 1523 2156 presule
1538 2085 1616 2154 iecit,

95 2164 182 2222 Tollit
196 2166 273 2222 enim
288 2169 421 2239 juvenes,
439 2166 516 2223 tollit
530 2173 558 2224 st
573 2167 638 2236 ipsa
653 2183 747 2224 senes.
972 2169 1052 2226 Fecit
1066 2170 1156 2244 digne
1170 2171 1229 2228 Deo
1245 2172 1400 2245 religiosus
1415 2173 1512 2230 homo.

58 2253 114 2311 Sed
128 2255 273 2327 quidquid
286 2255 397 2324 tulerit,
409 2272 599 2329 quecumque
609 2258 736 2313 nefande
747 2257 881 2327 patrarit,
937 2258 1035 2331 Ipsius
1050 2258 1203 2332 exsequias
1220 2261 1301 2317 dicus
1317 2260 1465 2319 similasse
1480 2261 1675 2336 triumphum,

95 2345 146 2400 Est
163 2344 289 2401 feriendo
306 2346 422 2402 Petrum
437 2347 579 2418 grandius
595 2362 665 2402 ausa
681 2346 773 2402 netes.
972 2348 1004 2402 lit
1018 2348 1220 2421 dispensantis
1234 2350 1320 2422 signa
1335 2351 1425 2407 luisse
1441 2350 1502 2407 Dei.

60 2433 116 2488 late
133 2434 246 2501 quidem
263 2434 364 2489 Petrus
379 2439 407 2490 st
421 2436 565 2492 omnobitu
580 2435 725 2502 Dolensis,
935 2434 1033 2491 ddluit
1049 2434 1185 2493 Urbanus
1200 2442 1322 2493 centeno
1337 2437 1462 2510 praesule
1481 2443 1595 2510 septus,

94 2522 287 2593 Fjusdemque
302 2523 408 2580 domus
423 2525 486 2596 ipse
501 2525 630 2582 decanus
646 2528 719 2580 erat.
969 2524 1114 2580 Abbelum
1131 2540 1199 2581 vero
1214 2526 1308 2596 major
1323 2531 1385 2582 eret
1400 2542 1550 2583 numerus.

61 2606 114 2670 Qui
133 2609 293 2679 prudenter
306 2625 397 2682 agens
412 2609 512 2666 domui
533 2611 575 2667 sic
591 2610 706 2683 preluit
719 2610 772 2677 illi,
932 2611 1029 2668 Tertia
1042 2629 1108 2668 curn
1118 2613 1231 2669 decima
1242 2619 1312 2670 tuuc
1325 2614 1458 2687 lugubris
1472 2624 1539 2672 ante
1554 2617 1757 2690 Decembrem,
1838 2660 1841 2664 -

93 2695 233 2752 Defuncto
249 2704 282 2752 ut
297 2698 378 2755 vivae
391 2699 472 2754 vivus
486 2703 553 2771 egat
568 2698 723 2772 lacrymas.
972 2701 1004 2756 ln
1021 2701 1115 2757 reditu
1131 2701 1228 2759 luctus
1244 2709 1288 2760 est
1302 2705 1388 2760 modo
1404 2706 1476 2761 lustu
1490 2705 1563 2761 dies.

61 2785 110 2841 llio
122 2787 220 2856 modo,
233 2791 324 2853 Petne,
334 2789 426 2858 jaces,
441 2788 466 2844 si
477 2787 646 2844 sintPetrue
659 2802 726 2844 ossa
737 2786 880 2860 cinisque,
1123 2789 1213 2861 Super
1225 2793 1353 2848 comitem
1367 2793 1562 2849 Pictoumssm.

93 2875 207 2933 Mensio
223 2876 340 2946 spiritui
356 2877 394 2933 sit
410 2878 516 2933 domus
533 2875 631 2948 ample
640 2876 701 2933 Dei.
933 2877 1031 2934 Gloria
1044 2878 1067 2934 si
1084 2879 1186 2934 mundi
1203 2889 1318 2951 peroret
1331 2881 1512 2938 monimenta
1529 2882 1619 2952 fideli,

212 2966 302 3038 Super
319 2966 465 3023 deroldum
489 2967 727 3023 Aurelianorum.
968 2966 1045 3023 Nulli
1061 2968 1245 3024 commodius
1256 2984 1345 3040 quum
1360 2969 1413 3024 tibi
1429 2970 1487 3025 dux
1503 2974 1627 3041 pareret.

57 3049 200 3126 Egregius
211 3055 311 3111 doctor
327 3071 510 3127 magnusque
523 3054 655 3127 sophista
669 3053 824 3125 Gersldus,
933 3055 985 3113 Vir
998 3072 1158 3129 generosus
1173 3073 1248 3125 eres,
1267 3057 1356 3113 decus
1371 3058 1444 3128 orbi,
1462 3058 1521 3114 dus
1531 3058 1698 3131 Aquitanis,

56 3142 190 3199 Ecclesiae
205 3145 304 3208 robur,
318 3145 386 3202 oleri
403 3144 561 3217 populique
577 3142 723 3199 columna.
899 3108 920 3176 c
970 3144 1053 3201 Hosti
1067 3143 1217 3210 terribilis,
1235 3145 1298 3217 ipse
1313 3145 1399 3202 Peter
1409 3146 1522 3216 petrice.

56 3234 126 3305 Spes
143 3234 334 3307 pupillorum,
350 3236 396 3292 vir
414 3235 573 3292 munificus
588 3235 752 3304 viduarum,
932 3235 986 3290 Sed
1003 3234 1054 3289 tihi
1070 3235 1110 3289 sit
1124 3232 1240 3300 titulus,
1256 3233 1413 3303 Guilelme,
1439 3241 1580 3307 tuumque
1595 3235 1706 3294 sciatur

58 3324 285 3381 Aurelianorum
302 3324 352 3381 lux
367 3332 394 3381 et
409 3324 546 3393 specialis
562 3324 707 3382 honestes.
972 3323 1062 3381 letius
1077 3321 1213 3379 Ecclesiae
1227 3339 1286 3394 qua
1301 3323 1434 3395 sepeliris
1449 3340 1533 3396 opus.

55 3411 105 3470 Vir
119 3414 184 3469 osni
200 3414 317 3487 cupitis,
335 3430 448 3470 morum
464 3414 666 3471 moderamine
680 3412 804 3487 pollens,
1156 3410 1245 3483 Super
1258 3411 1375 3467 militem
1392 3413 1535 3482 jmuuem

54 3502 106 3557 Cui
123 3501 196 3558 nibil
211 3520 229 3558 s
244 3519 332 3558 sensu
349 3502 415 3559 tulit
431 3504 583 3575 antiquato
602 3507 750 3560 senectus.
930 3500 1009 3558 Nulli
1026 3499 1183 3557 Goliredus
1199 3501 1286 3573 genio
1303 3501 1434 3558 formave
1448 3502 1607 3571 secundus,

53 3590 181 3646 Tandem
198 3591 363 3648 communie
378 3596 530 3648 contectus
548 3591 676 3663 imagine
691 3592 803 3648 mortis.
929 3589 1144 3663 lntempsstirs
1158 3590 1274 3663 sopitus
1288 3596 1382 3647 morte
1397 3591 1532 3663 quiescit.

52 3678 140 3733 Exuit
153 3678 206 3735 hoc
222 3680 298 3751 quod
316 3684 388 3749 orat,
401 3681 488 3737 datur
502 3679 550 3736 hic
565 3696 619 3737 sua
635 3683 729 3751 portic
745 3683 838 3748 terrae,
930 3679 999 3735 Plus
1016 3679 1115 3734 animo
1132 3677 1249 3734 validus
1264 3696 1353 3750 quom
1368 3685 1488 3752 possent
1500 3680 1759 3752 membrstenellc,
1830 3750 1833 3755 Ι

53 3765 181 3837 Spiritus
196 3767 225 3822 in
242 3772 344 3824 tenues
360 3768 457 3825 vivens
471 3768 597 3824 elabitur
616 3786 713 3840 nurus,
930 3766 1033 3822 Militis
1047 3771 1114 3823 ante
1131 3766 1205 3832 dies,
1220 3768 1385 3838 assumpsit
1400 3768 1504 3824 militis
1519 3784 1610 3824 arma.

53 3855 106 3912 cui
122 3863 218 3912 tumen
235 3858 353 3924 erebus
369 3857 521 3913 lutulentis
537 3858 642 3930 siquid
658 3857 786 3926 inhesit,
930 3854 1055 3911 Dormiit
1071 3854 1101 3909 in
1117 3854 1233 3910 Christo
1249 3871 1324 3925 puer
1338 3854 1402 3910 eltae
1419 3855 1590 3913 nobilitutis.

54 3943 155 4016 Expiet
170 3943 200 4000 id
214 3949 308 4001 totum
325 3946 455 4003 clemens
471 3946 620 4002 miseratio
635 3946 754 4014 Christi,
929 3944 993 4000 Non
1009 3944 1188 4016 quindennis
1203 3948 1277 4014 eret,
1294 3945 1344 4000 sed
1362 3949 1425 4000 erut
1435 3944 1615 4017 quindennis
1626 3949 1757 4016 ntesset,

53 4032 105 4089 ilis
122 4034 266 4105 precibus,
284 4035 384 4106 lector,
401 4052 486 4092 amen
503 4036 665 4107 edJiciendo
681 4036 784 4093 lausto.
929 4033 959 4089 Si
976 4037 1019 4088 ter
1033 4032 1163 4104 quinque
1177 4030 1241 4087 dies
1259 4030 1318 4087 sihi
1334 4031 1430 4087 vivere
1442 4031 1508 4104 plns
1519 4031 1667 4089 licuisset.

157 4123 246 4195 Super
260 4123 377 4181 Odouem
393 4126 517 4181 cibotum
536 4126 771 4196 dupericcemem.
929 4120 962 4176 ln
980 4120 1056 4177 Melo
1071 4123 1211 4176 cernente
1227 4136 1306 4187 rosa,
1326 4136 1392 4177 ross
1408 4119 1534 4177 marcuit
1549 4121 1618 4193 ista,

53 4211 107 4274 Oui
124 4228 267 4284 properus
282 4213 391 4270 transis
406 4214 496 4284 hujus
514 4215 694 4270 monimento
717 4213 874 4285 sepulchri,
927 4210 1038 4278 Quinta
1052 4210 1118 4266 dies
1137 4227 1154 4265 s
1171 4209 1231 4264 line
1251 4209 1328 4267 dicm
1345 4209 1401 4266 sihi
1416 4209 1520 4267 clausit
1534 4218 1561 4266 et
1576 4227 1680 4268 sunus.

89 4298 124 4355 Ut
141 4300 251 4374 releges
269 4302 383 4358 titulum
411 4305 582 4375 comprime,
614 4320 722 4374 queso,
738 4304 873 4375 gradum.
931 4299 1760 4368 Hunccommendstumsibicontiuethocmonimentum,

56 4388 109 4444 llic
120 4390 200 4460 jacet
215 4391 355 4448 abbatum
371 4393 460 4448 decus
475 4397 503 4448 ct
519 4391 654 4464 specialis
670 4392 821 4460 honestes,
930 4390 1143 4460 Goliredusqne
1154 4387 1216 4444 suis
1228 4387 1417 4457 lacrymabile
1433 4389 1466 4445 m
1482 4394 1723 4446 monumentum.

90 4479 274 4550 Pauperibus
290 4482 391 4549 saties,
407 4481 532 4553 indigus
545 4481 605 4536 Ode
617 4481 684 4540 sihi.
897 4474 921 4539 D
1150 4476 1237 4548 Super
1256 4477 1352 4548 lilpem
1366 4476 1545 4534 seruitiorum.

54 4567 110 4630 Qui
128 4568 244 4639 pietatis
260 4586 374 4663 empne,
392 4571 600 4627 monachorum
624 4572 724 4633 forme,
742 4571 879 4627 decenter
931 4567 994 4624 Non
1024 4565 1153 4639 dempsit
1181 4565 1344 4621 metuetibi
1376 4566 1478 4620 mortis
1500 4566 1592 4621 lorma
1612 4564 1756 4631 volutus,

92 4657 287 4731 lugeriucensi
304 4660 413 4731 proluit
430 4660 575 4729 licclesiae,
932 4654 983 4712 Vel
998 4655 1097 4727 prouvi
1113 4670 1207 4726 reges,
1219 4671 1283 4727 quas
1299 4655 1342 4710 sic
1356 4653 1410 4709 tibi
1424 4653 1484 4710 ista
1499 4653 1640 4721 locarant,

54 4749 185 4805 Tandem
198 4766 269 4821 paco
285 4750 360 4806 bona
376 4751 490 4823 sopitus
506 4755 599 4808 morte
615 4751 734 4824 quievit,
933 4745 1018 4819 Eiptte
1033 4750 1216 4801 uiuentium
1231 4744 1362 4816 reginam
1379 4744 1574 4802 dedecuisset.

94 4835 228 4895 Ecclesiae
242 4839 340 4909 robur,
358 4840 470 4896 ordinis
484 4839 544 4897 Odo
560 4841 649 4908 vigor.
1059 4833 1146 4906 Super
1161 4831 1355 4888 surcmrtum
1377 4831 1479 4889 imm
1503 4832 1634 4890 milium·

59 4926 131 4991 Quis
147 4927 218 5000 legis
234 4928 295 4985 hec
311 4931 368 4986 duo
384 4931 429 4987 luc
442 4929 547 4999 Odoni,
565 4929 609 4985 iac
626 4931 673 5003 pia
689 4935 756 4987 rote
934 4923 963 4978 Si
979 4925 1097 4980 centum
1112 4921 1231 4993 linguas
1253 4936 1306 4992 ΡΝ
1331 4924 1369 4990 ἴθι
1398 4919 1575 4988 3¹¹1'0h21'd0»
1602 4934 1759 4991 mmmm.

89 5022 189 5088 Deque
204 5024 284 5074 metu
300 5019 404 5075 mortis
423 5017 656 5076 sollicitsrctibi.
969 5010 1032 5067 Non
1049 5024 1166 5083 possem
1182 5008 1284 5065 laudes
1297 5009 1569 5082 aequiparantias.

90 5103 177 5176 suuper
197 5108 347 5176 liudulfum
372 5109 578 5164 Pistoriensem
601 5106 842 5166 archidiaconum.
936 5098 1009 5156 Num
1026 5097 1077 5154 libi
1094 5096 1204 5153 nullm
1219 5097 1313 5155 Vlliuss
1326 5098 1381 5154 ⁰?st
1395 5097 1615 5171 &iflilfflffissdts

54 5194 270 5251 Archidiuconii
289 5197 459 5270 perfunctus
475 5196 586 5253 bonore
602 5196 750 5267 decenter,
971 5188 1218 5257 0⁰⁸1¹¹⁰⁸⁰⁰1¹q⁰⁰
1232 5190 1332 5243 ΜΘΗ
1348 5187 1481 5245 mmm
1495 5187 1694 5262 mlssssiflcifli·

53 5280 216 5340 Consilium
234 5285 337 5357 plebis,
353 5286 404 5342 lux
419 5285 489 5342 cleri
504 5284 707 5354 Picluviensie,
935 5276 977 5333 Tu
996 5273 1285 5331 T80f511⁰⁰⁵0⁸⁸⁰¹¹²⁸
1300 5274 1525 5348 ⁸10⁰d⁰ml¹i⁸¹is

54 5371 144 5436 Quem
160 5374 233 5430 setis
248 5376 373 5447 egregius
388 5376 497 5432 ditarat
510 5391 629 5432 summa
644 5374 765 5446 sophie,
973 5369 1008 5425 Ut
1023 5372 1049 5423 te
1066 5366 1246 5423 crediderint
1258 5366 1336 5425 mille
1352 5370 1444 5426 luisse
1456 5370 1547 5427 uiros.

55 5462 201 5521 liudulfus
211 5465 289 5536 jacet
306 5468 353 5522 hic
369 5468 465 5522 iectus
479 5466 514 5521 de
530 5465 650 5538 puluere
666 5465 772 5539 pulvis.
937 5457 1057 5530 Αςῐὶθῑῑῦ
1072 5456 1165 5512 Vidtlae
1180 5459 1271 5523 ῐΰῑῡΐι
1288 5459 1473 5531 d⁰mii⁰lq⁰0
1486 5476 1616 5529 mrum·

55 5549 183 5608 l‘iotavis
199 5553 281 5619 urbs,
297 5552 375 5626 luge,
390 5557 472 5611 tanto
485 5551 604 5610 viduata
627 5551 773 5611 ministro.
973 5545 1093 5608 Corruis
1108 5544 1208 5602 uxoris
1224 5545 1303 5604 ullor
1316 5546 1465 5606 eduliorii·

197 5678 331 5741 Parnon.
354 5677 481 5742 ccxvi.
1585 5677 1624 5738 ³8
