3788 6000
77 247 133 314 82(
659 246 881 319 modulanti
903 248 1215 319 sentientisque

76 387 188 445 itineris
211 394 361 461 exponunt
388 389 513 463 ejusque
537 390 691 449 consillum
716 394 745 448 et
759 390 900 448 auxilium
910 391 938 458 Α
949 386 1132 460 obedientia,
1155 387 1320 462 perieulum
1337 389 1540 449 inobedientiae
1554 394 1581 450 sl
1598 394 1693 467 palam
1710 397 1783 454 inti·

77 479 240 550 requirunt,
250 479 419 548 praedictum
439 481 727 549 monachum,slsnae
737 496 793 537 non
805 480 905 552 displl
956 476 1099 544 maritet,
1113 479 1284 549 utpstitioni
1295 480 1416 535 fratrum
1426 483 1456 535 in
1465 482 1633 540 abbatiseui
1645 485 1667 520 ¹⁰
1678 502 1779 542 assen-

76 573 154 624 ceret
169 568 343 640 prudenlle,
353 570 489 626 abbatem
502 570 559 627 sibl
571 572 673 628 donari
689 574 839 643 expetunt.
852 569 904 625 llle
956 582 1021 622 sum
1047 566 1194 639 preberet,
1211 569 1374 624 admonuit.
1390 571 1456 638 Sed,
1475 583 1502 626 ut
1520 573 1616 629 soient
1630 573 1777 647 simplices

75 657 185 713 auditis
196 658 298 724 abbas,
310 663 411 714 uteret
426 660 470 715 vir
486 656 615 731 prudens
628 676 661 717 ae
677 657 903 733 providens,ltsl
956 658 1064 728 quique
1080 658 1109 712 in
1133 657 1240 714 mentis
1263 676 1323 714 sua
1349 663 1497 731 proposito
1522 663 1700 735 quandoque
1714 680 1779 720 esse

74 754 149 805 nutu
164 748 265 804 sanius
280 752 367 822 atque
382 748 485 806 utilius
496 750 653 807 eonsilium
668 751 726 807 illis
738 750 902 824 proposuit,
955 745 1379 817 pertinaces,ipsesententiam
1391 766 1476 805 suern
1490 749 1657 808 nullatenus
1667 754 1777 810 immu-

75 836 219 908 iilumque
235 837 330 909 potius
345 837 615 911 eligendumquem
631 839 688 896 sibl
703 839 902 913 superandis·
955 840 1015 891 tare
1043 835 1144 897 noluit,
1170 835 1238 906 quia
1264 836 1415 908 plorando,
1445 837 1609 906 clamando,
1638 841 1776 911 ejulando

74 927 901 1003 pensatiodestinaverat,domnnmuidelicetFulgentiunt,
955 925 1088 998 petitioni
1116 941 1217 981 norum
1233 927 1368 983 resistere
1382 944 1414 984 se
1429 945 1515 999 posse
1530 930 1664 986 credidit.
1683 936 1720 987 st
1734 931 1776 988 illi

74 1022 244 1074 constanter
269 1018 432 1074 admonuit.
449 1019 531 1085 Quod
557 1033 630 1076 onus
655 1035 690 1076 ne
713 1018 796 1086 loris,
813 1024 846 1075 ut
860 1017 903 1074 vir
954 1013 1363 1088 mireconstantlneemperin
1380 1018 1641 1076 eademroluntate
1656 1020 1777 1077 stabiles

75 1117 246 1163 mansuetus
262 1113 290 1163 et
302 1107 436 1177 humilis,
448 1124 585 1166 excusare
600 1114 809 1182 perseveraret,
825 1109 902 1166 litte·
954 1106 1160 1177 persistebant,
1174 1122 1207 1162 ao
1218 1107 1334 1162 taudem
1350 1106 1411 1163 aeia
1427 1110 1475 1163 Dei
1486 1109 1610 1165 interius
1626 1113 1776 1180 commoti,

74 1213 122 1253 rae
132 1197 160 1253 el
174 1213 228 1253 sua
239 1199 413 1255 auctoritate
424 1197 555 1269 signatas
566 1214 617 1271 per
627 1200 744 1256 eosdem
758 1199 859 1255 iratres
871 1197 901 1254 ln
954 1194 984 1249 in
1001 1194 1181 1251 bancvucem
1192 1198 1405 1268 erumpebant3
1418 1197 1557 1265 llomiaes,
1568 1199 1718 1270 inquiunt,
1729 1202 1779 1272 qai

74 1288 276 1343 testimonium
291 1288 407 1358 direxit,
424 1289 569 1345 mandens
583 1288 609 1344 ei
621 1293 708 1361 atque
720 1287 901 1362 praecipiens,
954 1284 1064 1340 tenetis
1075 1284 1160 1341 seruis
1169 1284 1228 1340 seis
1240 1285 1303 1341 licet
1312 1284 1564 1359 iadipaieprouide
1575 1287 1778 1359 disponsatione

76 1382 108 1432 ut
122 1376 204 1433 omni
221 1377 407 1434 excusatione
422 1383 544 1444 remota,
567 1377 617 1435 Dei
633 1378 776 1434 voluntati
795 1381 824 1435 et
847 1378 903 1435 irs·
954 1373 1109 1439 destinauit,
1120 1375 1169 1446 qai
1182 1376 1306 1431 omnium
1319 1376 1607 1432 nostrumuotuatotse
1620 1378 1777 1433 comitiaci

75 1474 152 1522 trurn
178 1467 311 1524 electioni
332 1469 507 1539 quantocius
532 1469 706 1528 assentiret:
723 1470 899 1527 monachum
952 1464 1505 1538 nemptoootattstutcoacadeeoperit,
1517 1466 1574 1537 ipse
1587 1466 1775 1537 teprocetdo-

74 1572 140 1613 rero
158 1573 247 1629 quem
276 1557 332 1630 ipsi
349 1559 496 1630 petebant,
522 1573 553 1614 se
570 1558 737 1615 nullatanus
758 1558 899 1615 accersire
953 1552 1776 1628 tieetprodereedispoeuit.Sedqttidmttltotsiplusrestite·

74 1662 160 1720 posse
176 1645 312 1715 asseruit,
334 1661 366 1703 eo
382 1647 460 1718 quod
477 1648 613 1714 prodictu
627 1649 760 1720 aluedem
776 1647 898 1705 coenobil
952 1644 1002 1712 rit,
1017 1643 1172 1714 compulsae
1183 1644 1364 1711 simpatieris
1375 1661 1381 1699 :
1389 1645 1512 1716 jamque,
1525 1644 1593 1701 retis
1603 1645 1687 1711 nolito
1698 1646 1776 1702 aubis

74 1738 201 1792 fratrum
218 1736 408 1808 dispersione,
426 1739 487 1808 ipse
503 1754 569 1793 cnm
587 1736 652 1794 eliis
662 1737 692 1793 in
708 1741 835 1794 exieram
849 1752 897 1795 te·
913 1750 937 1822 n
951 1736 1030 1804 polet·
1042 1733 1282 1803 uoltiresfisstm't·
1293 1732 1440 1789 flisdlsslifl
1451 1734 1567 1806 inceptu
1579 1733 1771 1806 psalmndla¹¹
1861 1792 1864 1797 .

75 1823 246 1888 mutemque
269 1816 446 1888 provinciam
469 1818 582 1874 abierit.
599 1817 716 1874 Talibus
735 1817 831 1891 agitur
848 1830 895 1874 re·
952 1824 1310 1893 congruenonsurgentes‚
1322 1821 1502 1877 unanimiter
1515 1822 1545 1878 iu
1561 1838 1628 1877 enm
1644 1822 1774 1893 irruunt,

73 1907 189 1978 sponde
206 1907 270 1978 ejus
286 1912 373 1980 atque
388 1908 518 1963 consitiis
534 1905 663 1974 praedtntt
680 1909 783 1964 iratres
794 1906 895 1964 admo·
948 1926 1052 1966 manue
1063 1910 1244 1980 injicientes
1252 1911 1300 1982 pia
1310 1910 1446 1967 violentia
1455 1911 1773 1984 terendopotinsquatn

73 1998 143 2053 dum
159 1997 310 2053 esbilurati
327 1997 549 2070 litterarumque
565 1998 734 2055 auctoritate
756 1996 895 2064 roborati,
948 2000 1079 2054 ducendo
1094 1998 1231 2054 adaltare
1242 1997 1424 2070 pertrabunt,
1439 2002 1526 2069 atqua
1540 2001 1652 2065 caetera,
1664 2003 1772 2055 attun-

72 2086 133 2142 rala
147 2086 275 2144 invicem
299 2088 378 2157 dato,
395 2087 532 2143 ieetinnto
552 2087 672 2144 domum
694 2085 852 2154 redierunt,
867 2089 896 2141 et
947 2089 988 2143 ris
1004 2094 1058 2155 est,
1074 2089 1247 2161 regulariter
1257 2089 1286 2144 in
1300 2105 1367 2145 eum
1384 2089 1506 2160 pervim
1524 2088 1728 2160 adimplentes,
1741 2089 1772 2144 in

72 2192 131 2233 rem
141 2183 252 2247 gestam
264 2178 383 2233 omnino
394 2176 575 2234 occultantes
585 2178 816 2250 niquecelantes,
828 2180 895 2233 tan·
947 2177 1015 2233 sede
1029 2177 1143 2233 abbatis
1164 2181 1308 2234 statuunt.
1324 2177 1467 2245 litavere,
1485 2180 1518 2232 ut
1531 2177 1726 2233 excusationis
1742 2182 1772 2234 et

72 2267 894 2340 quarnnibilactumesset.paucisdiebuscontloueruntt
947 2266 1185 2323 contradictionis
1206 2282 1267 2323 snm
1290 2265 1432 2322 humilem
1448 2266 1639 2337 pertinaciam
1665 2281 1716 2338 epe
1744 2271 1774 2323 et

71 2357 208 2412 dicabant
218 2358 308 2424 enirn,
320 2358 344 2414 ai
356 2359 381 2413 ei
395 2359 433 2414 rei
445 2363 535 2429 gesta
546 2358 636 2414 series
648 2358 896 2430 alieujnsopinlo·
946 2356 1049 2411 elieotu
1066 2355 1234 2411 frustratam
1245 2355 1406 2428 perpendit,
1418 2355 1526 2411 timeus
1539 2371 1575 2410 ne
1586 2355 1649 2426 ipse
1659 2354 1702 2410 eis
1711 2355 1773 2427 pri·

70 2449 114 2502 nie
125 2446 310 2502 indicinnnta
322 2448 412 2516 lieret,
422 2448 617 2503 taleollleium
628 2446 895 2504 declinaremalens
947 2462 994 2501 ma
1012 2443 1240 2519 perturbationis
1255 2461 1344 2501 cansa
1358 2447 1505 2513 existeret,
1523 2445 1640 2501 tandem
1656 2445 1771 2518 tmpor-
1870 2446 1873 2451 ’

70 2554 158 2606 quam
181 2537 340 2608 eatseipere,
357 2537 432 2592 clam
449 2541 548 2607 lugam
565 2539 716 2609 arriperet.
946 2537 1070 2591 tunitate
1084 2550 1186 2591 eornm
1201 2535 1362 2602 convictus,
1389 2535 1542 2607 aequievit,
1566 2550 1697 2607 onusque
1712 2533 1770 2592 sibi

105 2627 149 2682 10.
160 2626 225 2682 tarn
241 2630 337 2681 autem
355 2627 431 2681 circa
444 2628 550 2682 lustum
563 2625 701 2682 Omnium
716 2627 894 2685 Sanctorum
947 2625 1117 2697 impositum
1143 2624 1209 2680 licet
1230 2623 1341 2681 inritus
1363 2640 1430 2680 eum
1455 2629 1535 2680 metu
1557 2628 1586 2680 et
1609 2621 1771 2681 reverentie

71 2730 187 2771 rursum
205 2715 316 2772 clamor
344 2718 468 2771 iratrurn
485 2720 623 2783 struitur,
640 2733 671 2773 se
691 2716 765 2772 nibil
783 2718 896 2790 absque
947 2717 1088 2789 suscepit.

71 2810 185 2876 pastore
199 2821 285 2878 agere
295 2822 365 2877 grex
379 2808 499 2862 devotus
513 2808 713 2880 conqueritur,
724 2811 812 2879 atque
826 2812 894 2865 ten·
983 2811 1026 2866 tt.
1039 2807 1166 2880 Contigit
1180 2806 1291 2863 interea
1306 2812 1377 2863 nutu
1396 2808 1455 2878 net,
1473 2812 1503 2863 nt
1514 2808 1634 2880 quidam
1645 2807 1770 2866 elericos

70 2896 894 2952 demexconeensuomniumintestivitatesanctibiartinl
947 2899 982 2953 de
998 2897 1135 2953 l'tandria
1149 2897 1304 2966 oriundus,
1319 2896 1364 2951 vir
1386 2897 1491 2963 torma,
1507 2897 1640 2966 scientia,
1666 2912 1771 2970 genere

70 2987 290 3043 dieeetectionis
299 2988 497 3044 constituitur.
508 2987 895 3059 Praevenienteaiglturbuno
947 2990 1085 3057 omnique
1095 2986 1238 3059 probitate
1247 2985 1435 3057 conspicuus,
1449 2987 1566 3041 nomino
1578 2984 1770 3057 lluqmbujus

70 3077 146 3133 diem
163 3077 346 3133 «nationibus
361 3081 391 3133 et
413 3076 592 3141 elemosinis,
604 3076 729 3148 jejuniis
744 3083 771 3132 et
787 3077 894 3147 vigiliis
910 3122 933 3191 c
951 3075 1074 3131 coenubii
1098 3075 1204 3130 lamera
1230 3073 1373 3130 virtutum
1398 3073 1523 3142 audiret,
1551 3075 1651 3130 audita
1673 3075 1773 3132 videre

69 3166 210 3237 durisque
237 3168 392 3221 verirerum
433 3166 688 3237 castigationibus,
716 3166 796 3237 quoti
809 3166 895 3223 tinnis
953 3168 1116 3236 sategeret;
1132 3162 1202 3220 visis
1216 3178 1294 3231 vero,
1311 3163 1384 3218 votis
1399 3163 1536 3219 omnibus
1550 3165 1690 3220 interesse
1702 3179 1773 3219 con·

69 3254 206 3328 lacrymis
222 3255 449 3326 interpellabant
471 3255 565 3310 saneti
580 3255 706 3326 Spiritus
721 3255 844 3327 gratiam
861 3271 898 3310 ne
952 3255 1123 3325 eupiseeret.
1139 3252 1265 3310 Veniens
1280 3252 1379 3324 igitur,
1391 3256 1424 3307 ut
1437 3252 1615 3323 dictumest,
1632 3268 1705 3325 pene
1716 3268 1775 3308 rna·

69 3359 119 3415 per
129 3343 488 3414 antiqnibostisinvidiam
501 3348 612 3398 tantam
624 3344 746 3398 iratrum
757 3343 899 3409 aliquate-
948 3343 1013 3414 jara
1026 3356 1115 3415 quarn
1131 3343 1211 3398 lama
1221 3342 1385 3414 vulgaverat
1398 3343 1513 3414 reperit,
1530 3347 1617 3413 atque
1630 3358 1698 3399 vera
1709 3358 1775 3398 esee

70 3448 125 3486 nus
143 3438 292 3504 pateretur
307 3431 426 3487 dissolvi
449 3438 501 3487 eut
520 3433 631 3488 turbari
647 3435 844 3489 concordiam.
862 3436 897 3488 tlt
952 3448 1050 3488 eurota
1065 3448 1129 3504 quta
1145 3433 1277 3489 audieret
1291 3437 1472 3501 contestans,
1488 3434 1524 3488 de
1547 3431 1704 3488 stabilitate
1719 3449 1774 3491 sne

69 3523 135 3592 pius
148 3521 360 3592 [laminasqni
380 3537 495 3583 semper
514 3522 801 3593 prapeealornnibue
815 3523 896 3577 invn-
951 3540 1017 3578 curn
1034 3523 1075 3578 eia
1093 3525 1127 3578 ltr
1159 3524 1235 3579 anda
1251 3522 1385 3593 protinus
1400 3527 1525 3578 tractare
1544 3525 1640 3594 erepit.
1658 3522 1773 3581 Fratres

69 3611 204 3666 cantibus
220 3628 250 3666 se
266 3612 294 3665 in
311 3611 430 3665 veritato
441 3610 525 3681 (Petri.
542 3626 633 3676 cantv,
651 3611 706 3685 ta).
725 3612 893 3668 timentium

951 3615 1145 3684 ergodotum
1176 3613 1339 3668 reverendas
1366 3628 1495 3685 pareone
1516 3614 1638 3669 adventu
1655 3630 1773 3670 suntme
1875 3612 1881 3621 ’

68 3701 893 3772 seruiuntatitantisinterpettatueprecibusobtempera·

67 3794 116 3861 vit,
127 3796 168 3855 et,
180 3796 214 3845 nt
228 3792 359 3862 seqnitur
368 3790 399 3846 in
411 3792 512 3846 rodem
529 3789 641 3862 psalmo
653 3790 744 3862 (ibid,
755 3792 813 3864 29),
826 3791 895 3846 dili-

67 3876 891 3952 gentersenbornnisubreptionediscordioeeustudirit.

67 3971 139 4034 onte
157 3968 267 4042 plnra‘l
284 3968 420 4022 Condicta
447 3968 510 4022 dies
526 3967 636 4037 aderat,
652 3966 682 4022 in
698 3983 755 4039 qua
772 3969 892 4026 burnitie

68 4059 113 4116 illa
137 4065 300 4115 convenius
325 4064 470 4130 pastorem
497 4058 554 4113 sibi
582 4056 689 4130 eligere
713 4059 889 4115 decreverat.

68 4148 220 4205 Promissa
241 4149 328 4221 igitur
354 4150 495 4213 oratione,
521 4164 555 4202 ex
579 4163 658 4202 mure
683 4148 711 4202 in
728 4148 889 4218 cartilatum

66 4242 199 4304 veniunt,
219 4256 349 4305 congrua
376 4254 469 4294 cauae
485 4244 514 4293 et
538 4239 660 4310 tempori
677 4244 800 4295 tractare
817 4240 889 4296 inei·

67 4331 163 4401 piant,
180 4329 313 4399 ntiraque
341 4330 426 4383 modo
442 4328 471 4382 in
489 4342 576 4382 unam
594 4328 769 4382 senteutiam
788 4344 890 4384 enarras

66 4437 151 4476 voees
167 4426 389 4490 votrrutataaque
405 4418 598 4472 conveniunt:
621 4417 754 4473 Damnum
770 4420 888 4489 Fulpea·

950 3702 1062 3759 Pastori
1078 3704 1187 3774 gratiae
1217 3703 1385 3758 innumeras
1408 3705 1572 3771 relerentes,
1590 3704 1619 3758 in
1646 3703 1768 3760 Domino
1859 3726 1876 3743 ⁶

951 3792 1110 3864 plurimum
1126 3790 1318 3848 tet-bantur:
1331 3804 1420 3862 atque
1435 3800 1466 3846 nt
1481 3795 1562 3864 pium
1578 3792 1769 3858 desiderium,
1872 3854 1875 3859 ,

949 3882 1025 3953 qnod
1044 3889 1139 3936 ruente
1154 3885 1336 3953 conceperat,
1352 3881 1454 3936 ellectu
1481 3884 1656 3953 quantocius
1670 3883 1769 3936 edim·

949 3972 1050 4042 piaret,
1062 3970 1194 4025 crebrius
1205 3972 1405 4026 hortabantur.
1417 3969 1467 4024 ltle
1485 3986 1553 4025 vero
1568 3969 1680 4025 munira
1692 3969 1770 4026 saltt-

948 4061 1009 4115 bria
1026 4062 1274 4131 quemadmodum
1293 4062 1367 4115 bane
1381 4065 1460 4115 terra
1474 4062 1595 4132 excepit,
1612 4064 1640 4116 st
1655 4060 1770 4116 stabili·

948 4156 1072 4206 tateeua
1087 4155 1120 4205 nt
1134 4150 1328 4222 eugoerebant
1343 4151 1417 4221 apud
1434 4166 1484 4207 eos
1500 4150 1625 4219 iirrrtata,
1643 4152 1767 4206 tructam

946 4245 1017 4297 eatis
1033 4244 1150 4298 uberem
1169 4245 1353 4314 postmodutn
1370 4256 1405 4299 ex
1420 4260 1450 4299 se
1466 4244 1612 4316 produxit.

982 4332 1770 4403 abbasauten.,quienondumserundnmcansueludi·

946 4436 1012 4475 nam
1028 4420 1253 4476 ecclesiasticam
1270 4421 1428 4490 purrliiicnti
1447 4426 1535 4478 bened
1552 4425 1646 4478 ssilttne
1661 4428 1768 4477 rnrrltr·

67 4507 280 4564 liumatiuinitus
290 4508 457 4562 <tertineriam
474 4507 522 4562 ltoc
532 4505 666 4562 honorari
677 4508 766 4577 officio
781 4507 891 4581 stipitis·
905 4496 928 4561 Ι)
945 4515 1042 4566 matus
1052 4516 1125 4574 erat,
1139 4512 1309 4581 nornpuiaus
1320 4529 1336 4566 a
1349 4518 1488 4567 tratrrnus
1499 4515 1685 4568 Cirrreraeun
1696 4529 1763 4567 rum

66 4601 167 4655 simum
177 4598 354 4670 jrrit'comus:
369 4597 443 4650 trane
456 4596 532 4651 natis
540 4603 675 4666 pastorem
684 4598 710 4650 et
718 4600 824 4667 patrem
835 4613 892 4652 ano

946 4602 1215 4671 euieiternrripuit‚
1228 4602 1767 4675 atquabunoliuganern.dequan·.1bts

66 4703 128 4744 uoce
143 4702 240 4742 amaret
264 4688 404 4752 etipimur.
422 4685 472 4740 ilie
488 4690 597 4750 autem,
624 4689 723 4756 utpute
747 4685 791 4740 vir
811 4687 890 4741 mire
946 4706 1042 4747 sertno
1057 4696 1111 4759 eet,
1127 4690 1253 4747 clericali
1271 4691 1365 4747 adbuc
1385 4690 1523 4746 amictum
1541 4691 1689 4745 arbarnate
1703 4692 1767 4745 vitae

67 4776 253 4843 humilitatis,
269 4782 383 4831 econtra
400 4776 494 4830 aeriae
508 4790 540 4829 ac
551 4774 681 4829 diversae
692 4774 891 4831 excusationes
945 4797 1004 4835 sue
1019 4780 1153 4837 comiteur
1171 4780 1281 4837 babuit.
1300 4785 1487 4836 cameracum
1513 4784 1602 4851 igitur
1618 4782 1766 4834 venientes

66 4867 229 4940 pretendit,
245 4864 381 4937 pastorali
393 4882 424 4921 ec
439 4863 534 4920 otficlo
546 4865 700 4937 iudignum
716 4882 782 4920 cum
794 4864 889 4935 laury·
944 4870 1001 4940 (an.
1018 4869 1108 4942 1088),
1121 4870 1209 4925 abbae
1220 4869 1339 4940 quidem
1352 4869 1379 4921 in
1394 4867 1547 4923 testivitate
1558 4868 1647 4921 sancti
1659 4870 1767 4939 Grego-

66 4959 121 5014 mie
140 4956 285 5012 asseruit:
303 4961 449 5027 postremo
471 4969 503 5010 ee
528 4953 608 5010 nulla
635 4953 745 5010 reilana
770 4953 798 5009 id
815 4971 890 5012 onus
945 4956 979 5013 rii
995 4958 1018 4994 ¹¹
1035 4975 1110 5014 anno
1127 4957 1249 5029 septimo
1273 4955 1429 5028 pontilicoli
1453 4956 1653 5011 benedictione
1668 4963 1697 5013 et
1712 4974 1766 5012 au-

65 5051 271 5118 suscepturum
298 5046 358 5100 lore
375 5043 476 5100 multis
496 5043 708 5099 assertionibus
724 5042 888 5102 eirirmuvit.
944 5049 1076 5103 ctoritate
1091 5063 1145 5104 sua
1156 5048 1357 5109 conlirrnatns,
1370 5045 1524 5117 praedictus
1535 5050 1632 5101 autem
1644 5047 1768 5104 ctericus

67 5134 130 5192 lien
146 5152 180 5192 eo
207 5152 273 5190 enm
289 5134 427 5209 lacrymis
448 5138 611 5206 perorante,
634 5134 789 5205 predictus
803 5135 890 5190 irater
943 5137 1115 5193 diaconatus
1127 5134 1666 5191 ministeriosublimatuseet.l¹ernctis
1678 5137 1769 5211 igitur

66 5218 261 5279 Herlurannns
285 5223 419 5294 protinus
437 5223 571 5292 surrexit,
587 5221 760 5278 abbatiasui
778 5223 889 5280 litteras
944 5228 1076 5281 sinueris
1100 5224 1146 5281 eui
1173 5225 1390 5295 nequitiarum
1419 5226 1610 5295 prosperitate
1635 5227 1767 5295 redeunt,

65 5311 207 5369 haetenus
218 5312 379 5367 occultatus
389 5313 419 5367 in
431 5313 558 5367 medium
570 5313 888 5386 protulit,praeceptum
943 5324 1147 5386 curripsrtoque
1163 5316 1239 5386 quod
1255 5312 1512 5368 secundosabbnto
1530 5314 1652 5370 Tornaci
1670 5316 1768 5372 lutura

747 5429 868 5487 vantra
884 5429 1089 5488 annitente.

99 5552 122 5590 ¹¹
137 5547 304 5607 obedientia
320 5547 454 5605 excidisse
465 5548 582 5606 videtur
597 5550 619 5586 ¹¹
635 5545 655 5604 i.
670 5562 698 5620 q.
714 5547 890 5620 psalmodia.
906 5549 930 5585 ¹¹
945 5548 1047 5622 Georgi
1061 5549 1089 5605 2.
