3788 6000
88 197 100 256 i
108 193 166 257 393
583 192 685 257 Usus
708 195 867 260 ORDINIS
888 199 1063 264 ctsruttc.
1087 236 1126 251 -
1155 207 1268 269 PARS.
1291 207 1316 271 1.
1615 280 1617 285 ,
1717 217 1798 281 im

87 333 117 389 in
134 331 296 390 Retectnrio
308 331 435 388 iicmilte
443 331 655 404 desepelierunt
667 332 890 392 Dominicslium
903 353 911 395 ι
926 339 954 409 Α
969 341 1073 400 diebus
1088 360 1120 401 se
1129 345 1166 403 ad
1177 346 1381 404 celebrandam
1393 345 1516 402 missam
1530 345 1800 418 preparent'l'unc

88 424 131 480 rel
161 422 186 480 si
216 421 296 478 aliud
330 421 440 492 aliquid
468 423 503 479 de
526 421 623 494 aliqua
648 422 803 482 festivitate
829 425 916 483 luerit
970 432 1799 509 sacerdoiealhaeimanipuloindeto,signoquepulsato

89 515 246 582 legendum
274 513 406 587 qualibet
436 514 493 572 die.
519 514 616 572 Prima
643 514 733 588 igitur
763 517 916 576 Dominica
970 518 1119 580 iratresin
1138 525 1264 582 claustro
1282 542 1314 582 se
1333 524 1520 592 discalceent,
1551 525 1798 597 atqueinecderu
1880 562 1883 567 ·

89 605 331 677 septuagesima,
347 604 422 663 lecta
437 605 467 660 in
484 605 645 662 lieleotorio
660 605 780 664 homilia
804 605 846 663 rel
861 607 917 666 alic
969 612 1165 671 calceamenta
1180 615 1361 672 dimittentes
1379 614 1442 672 loco
1457 613 1612 671 ecclesiam
1628 614 1746 683 intrent,
1764 621 1794 674 ei

88 695 187 768 aliquo
208 695 244 751 de
268 693 367 768 aliqua
395 695 547 753 festivitate
571 694 607 768 (ei
633 694 726 769 adest)
751 703 783 753 ut
805 697 915 756 dicium
969 699 1000 756 ie
1014 702 1796 765 ordinesueveraievnttibueadatterententtttsrts

88 790 144 852 eet,
175 784 333 857 incipiatur
358 784 444 841 lectio
480 784 602 854 Genesis,
640 784 686 843 vel
721 782 845 842 aliorum
878 785 915 842 ll·

88 875 209 931 brorum
227 879 259 931 ut
273 875 402 932 diximus
418 875 470 942 ibi,
481 874 531 932 ubi
546 878 647 931 cantor
659 874 824 934 Lectionum
834 873 915 948 Vigi-

89 964 196 1020 liarum
209 981 303 1038 usqne
314 967 350 1022 ad
360 964 623 1038 Quadragesimam
635 964 740 1023 debere
750 964 835 1024 linire
846 982 917 1039 pre·

88 1057 204 1114 uiderit.

125 1153 149 1202 Δ
165 1145 259 1218 prima
274 1148 370 1202 autem
383 1145 536 1203 Dominica
546 1146 916 1221 Quadragesimaquasci·

88 1236 157 1293 licei
172 1234 264 1293 libros
276 1236 448 1304 dividimus,
460 1237 494 1292 ud
508 1234 631 1309 vigilias
641 1235 671 1293 iu
682 1237 812 1294 Ecclesia
823 1237 916 1311 priva·

88 1327 127 1381 tis
137 1326 239 1382 diebus
251 1326 645 1383 utimurtractuiibussaucii
657 1326 814 1399 Augustini
828 1344 917 1401 super

90 1416 223 1472 Psalmos
241 1415 385 1488 usquead
409 1415 587 1472 Dominicam
611 1433 668 1488 qua
690 1416 845 1473 Hieremias
867 1418 915 1474 in·

970 788 1069 862 itaque
1084 791 1303 851 hebdomadarii
1315 794 1345 850 in
1356 792 1753 853 vestiariossdlecslceantes
1763 794 1796 856 itt
1859 834 1862 839 -

969 879 1091 938 chorum
1105 882 1232 940 veniant.
1249 882 1318 940 Post
1332 883 1393 940 hac
1406 888 1508 939 centor
1518 881 1642 955 incipiat
1653 883 1794 956 autipho-
1842 872 1847 881 ’

970 985 1050 1038 nem,
1065 972 1199 1042 deiuge,
1215 988 1305 1044 quam
1320 973 1390 1029 dum
1407 972 1510 1045 incipit
1524 975 1637 1029 vertam
1648 971 1747 1031 uultus
1758 973 1795 1033 sd

970 1058 1112 1115 invicem:
1126 1066 1156 1117 et
1169 1061 1368 1131 subsequetur
1389 1076 1490 1117 versus
1512 1061 1583 1117 Deus
1603 1061 1723 1119 caridus
1744 1076 1795 1120 rte·

968 1150 1046 1218 stris,
1061 1155 1090 1205 et
1104 1148 1197 1205 Gloria
1211 1151 1298 1205 Patri.
1314 1150 1424 1206 Deinde
1437 1149 1682 1208 hebdomadarius
1699 1151 1797 1209 miss·

969 1238 1049 1295 dicet
1061 1254 1188 1305 vorsum,
1203 1239 1322 1300 Ostende
1335 1240 1423 1303 nebia
1444 1238 1578 1296 Domine:
1603 1244 1636 1297 st
1662 1240 1799 1299 iratribus

971 1327 1800 1402 superformaslliilprostraiissubsequutumdyrt'eelci·

969 1433 1030 1488 son,
1045 1421 1076 1474 et
1090 1422 1175 1474 Pater
1188 1421 1290 1488 mater,
1303 1421 1329 1475 st
1343 1433 1378 1475 es
1391 1433 1440 1475 nes
1455 1416 1581 1484 inducas,
1606 1423 1695 1491 atque
1718 1423 1799 1477 totus

89 1505 221 1562 choatur.
238 1507 267 1562 Si
287 1505 916 1579 seroliominicaseptuagesima,evanerit,
971 1507 1105 1580 psalmus
1121 1509 1192 1565 licus
1216 1511 1461 1565 misereaturcum
1486 1509 1583 1566 titurio
1606 1509 1706 1567 Patri.
1724 1512 1798 1566 Ver·

89 1594 379 1651 Puriiiceiicsencits
394 1594 590 1661 ilaria,leria
608 1597 739 1652 secunda
760 1596 916 1654 inchoetur
971 1599 1373 1666 sus,ittuertictsuccrrscs,·
1397 1597 1528 1654 Dominus
1549 1595 1709 1655 enimcum:
1732 1595 1800 1655 Ore-
1859 1646 1861 1654 ,

91 1685 214 1741 historia
229 1685 264 1740 ad
292 1684 423 1756 vigilias,
449 1684 581 1742 videlicet
598 1684 672 1742 liber
696 1684 823 1743 Geneses
850 1701 915 1744 cum
933 1712 957 1779 B
972 1703 1044 1753 mus,
1061 1686 1182 1744 Ceamde
1194 1688 1283 1755 actu,
1299 1686 1413 1744 licmise
1435 1685 1580 1759 praesidio.
1605 1687 1710 1745 Postea
1732 1703 1801 1745 sur·

92 1775 261 1831 Praetaiione
277 1779 305 1830 et
319 1774 535 1847 Responsoriie,
546 1776 577 1831 le
585 1776 727 1848 principio
737 1776 809 1832 licus
820 1792 827 1830 :
838 1781 867 1833 et
877 1793 920 1834 se·
972 1780 1044 1849 gant
1056 1781 1087 1834 et
1100 1782 1178 1834 sieut
1193 1775 1285 1837 verus
1300 1775 1431 1837 vultibus
1444 1775 1479 1833 ed
1493 1775 1585 1834 altare
1597 1791 1692 1848 usque
1701 1774 1739 1834 sd
1752 1775 1800 1833 iu·

91 1865 194 1936 quenti
216 1863 366 1921 uominice
390 1864 526 1921 dicantur
550 1864 699 1923 Lectiones
722 1866 758 1921 sd
787 1865 918 1939 vigilias,
973 1865 1095 1922 troitum
1109 1867 1218 1923 missa.

90 1955 161 2010 Tulit
175 1971 239 2023 erqo
255 1954 389 2010 Dominus
413 1954 563 2010 heminam.
1009 1953 1166 2029 Postquam
1183 1972 1251 2027 ergo
1266 1956 1357 2014 abhas
1370 1961 1489 2029 accepte
1505 1963 1523 2012 t
1544 1953 1699 2013 secretario
1723 1953 1801 2012 stols

96 2034 98 2038 ’
405 2043 525 2102 CAPUT
540 2044 601 2102 llll.
974 2049 1001 2102 ei
1019 2043 1155 2116 pastorali
1171 2045 1252 2117 virga
1261 2043 1291 2101 in
1303 2045 1482 2120 presbyterio
1494 2045 1550 2118 (19)
1566 2060 1649 2102 verso
1663 2042 1747 2101 vultu
1762 2042 1799 2102 sd

403 2135 440 2189 lle
456 2134 605 2192 Tractiius.
971 2132 1148 2206 Aquilonem
1163 2133 1342 2191 benedixerit
1357 2134 1470 2193 cineres
1482 2140 1568 2191 antee
1589 2133 1618 2190 in
1642 2132 1708 2207 ipso
1733 2148 1801 2206 prs·

128 2227 158 2282 ln
175 2222 398 2298 septuagesima
412 2229 440 2280 et
462 2224 566 2283 exinde
592 2224 730 2281 orttnihus
759 2223 919 2282 Dominicis
974 2223 1104 2296 sbyterio
1119 2241 1137 2279 a
1152 2223 1310 2282 secretario
1325 2225 1447 2296 positos,
1462 2228 1550 2295 eique
1564 2238 1700 2296 nquaeos
1716 2222 1802 2279 bace·

90 2312 847 2384 diebuseifestivitatibusduodecimLeciionum,ad
861 2329 920 2370 ma·
973 2312 1054 2370 diota
1068 2313 1238 2386 asperserit,
1253 2318 1385 2370 cantetur
1404 2312 1582 2386 Antiphone,
1607 2311 1718 2369 decadi
1739 2326 1800 2382 scs,

85 2404 167 2476 joras
185 2404 291 2459 missas
305 2403 445 2478 usquead
473 2403 585 2461 Pascha
607 2419 710 2460 curuos
733 2403 858 2461 Tractus
881 2404 918 2461 ah
974 2411 1096 2476 Domine,
1112 2414 1142 2466 et
1155 2409 1220 2465 alim
1235 2413 1269 2466 ut
1282 2409 1311 2466 iu
1328 2408 1423 2481 libris,
1439 2408 1594 2467 habentur.
1612 2407 1726 2466 Exaudi
1739 2423 1801 2474 ecs,

91 2500 218 2566 strenue
234 2493 322 2549 cloro
338 2492 506 2550 alternatim
522 2492 918 2550 cantentur.l2tsimiliterin
973 2497 1090 2557 horisius
1117 2498 1261 2570 inempta:
1292 2498 1394 2569 abhas,
1418 2497 1492 2557 stola
1515 2498 1660 2571 deposita,
1682 2497 1802 2556 veniam

90 2586 249 2641 Parasceve
263 2584 313 2639 liat
323 2585 360 2641 de
375 2584 494 2651 Tranio,
505 2586 649 2656 Errpems.
664 2584 697 2640 ln
710 2584 820 2658 Vigiliis
831 2585 918 2641 etism
974 2594 1041 2648 ante
1055 2590 1279 2664 gradumetsub
1291 2589 1432 2648 illodexis
1442 2590 1579 2663 genibus,
1590 2590 1802 2648 ehiiebdoms·

91 2675 207 2733 Pascha
229 2683 257 2732 ei
286 2678 481 2744 Pentecosten,
505 2676 629 2734 taudete
657 2677 805 2733 Dominum
826 2690 920 2733 omnes
974 2679 1056 2737 dario
1072 2676 1171 2735 missae
1185 2678 1268 2749 price
1281 2694 1380 2735 sacros
1396 2677 1521 2751 accipiat
1539 2678 1663 2735 cineres.
1687 2675 1800 2742 Quibus

91 2773 184 2839 pentes
199 2785 207 2836 ;
220 2777 248 2823 ct
263 2766 292 2822 in
307 2767 442 2823 sabbatis
458 2772 585 2838 quatuor
604 2773 769 2837 temporum
782 2765 920 2823 similiter
975 2767 1104 2840 acceptis
1118 2766 1234 2840 erigens
1249 2782 1291 2837 se,
1309 2771 1461 2840 resumpta
1474 2765 1552 2823 stols
1563 2770 1720 2839 stetsnpra
1734 2781 1803 2839 grs-
1853 2752 1858 2761 ’

92 2857 228 2924 Tractus,
244 2857 408 2913 benedictus
418 2872 456 2924 es,
470 2857 507 2912 ab
520 2863 640 2925 utroque
651 2855 739 2912 choro
750 2854 918 2913 alternatim
974 2858 1064 2924 dcm;
1079 2859 1107 2912 et
1121 2871 1223 2911 versus
1238 2855 1274 2911 ad
1289 2855 1425 2924 chorum,
1441 2869 1531 2927 super
1550 2854 1735 2927 singulorum
1750 2870 1802 2910 ca·

92 2946 219 3002 canitur.
235 2946 290 3010 Oui
305 2947 424 3018 quidem
440 2945 563 3001 Tractus
576 2945 717 3015 incipitur
731 2962 749 3000 a
767 2943 857 3000 chora
872 2945 921 3000 le·
976 2945 1036 3018 pita
1050 2945 1147 3001 mittat
1159 2946 1274 3001 cineres
1285 2943 1464 3012 benedictos,
1475 2943 1619 3015 incipiens
1629 2959 1647 2999 a
1659 2943 1805 3001 ministris

92 3035 236 3091 vitatorii:
253 3042 281 3090 et
303 3036 387 3091 aliter
411 3035 518 3092 chorus
541 3034 711 3106 subjunget.
736 3034 769 3089 itt
792 3032 919 3089 teuceit·
975 3031 1805 3104 alteris,nmoibusllectentibusgenusinterralltdttm

92 3126 135 3190 iis,
152 3131 219 3186 etc..
233 3130 262 3180 et
275 3126 317 3180 sic
333 3123 383 3180 ilat
398 3126 428 3180 in
443 3122 570 3195 singulis
585 3123 730 3179 versibus.
746 3124 777 3179 ln
794 3122 851 3177 flue
867 3138 917 3179 ve·
936 3085 959 3157 c
975 3128 1145 3189 mittuntur,
1161 3123 1261 3178 sedeat
1276 3123 1328 3193 qul
1343 3120 1479 3177 voluerit.
1494 3120 1526 3177 si
1539 3126 1637 3178 temen
1649 3136 1807 3195 congrega·

91 3232 136 3281 ro,
153 3214 265 3286 primus
280 3230 384 3270 versus
400 3218 548 3284 repetatur
563 3214 599 3269 ab
614 3211 665 3267 illo
678 3212 730 3284 qui
752 3211 872 3283 incipit:
889 3214 921 3268 et
973 3213 1015 3271 tio
1031 3211 1127 3282 major
1140 3209 1237 3278 luerit,
1253 3208 1417 3266 secundum
1440 3209 1664 3282 dispositionem
1689 3209 1807 3267 abbatis

92 3310 172 3361 totus
189 3304 224 3359 ah
242 3309 366 3374 utroque
381 3302 470 3358 choro
481 3301 571 3358 sitrici
586 3302 758 3357 decantetur
769 3320 777 3370 ;
787 3301 836 3357 sed
849 3305 879 3356 et
890 3299 920 3355 in
974 3302 1151 3376 perdicerea
1164 3299 1226 3356 loca
1237 3299 1455 3356 distribuantur
1465 3299 1589 3356 cineres.
1600 3298 1735 3371 Cumque
1745 3315 1808 3357 om·

91 3394 150 3449 iine
161 3393 366 3465 praedictorum
378 3392 549 3457 Tracinum,
561 3392 644 3449 ambo
657 3389 736 3448 chori
750 3388 840 3447 simul
852 3405 919 3446 cau·
974 3410 1027 3450 nes
1038 3389 1316 3465 perimpositionem
1326 3390 1459 3447 cinerum
1471 3405 1531 3447 sues
1539 3388 1737 3461 corruptionis
1744 3402 1804 3446 ms·

91 3491 153 3541 teni
170 3500 176 3538 :
194 3491 313 3539 cataros
329 3483 452 3540 Tractus
470 3489 548 3539 totus
562 3478 653 3539 simul
668 3481 776 3539 chorus
798 3485 827 3538 et
851 3496 920 3537 cou-
974 3499 1072 3540 moras
1086 3498 1150 3539 esse
1164 3479 1307 3537 admoniti
1324 3480 1452 3551 luerunt,
1468 3484 1539 3536 tunc
1553 3479 1647 3538 abbas
1660 3477 1733 3537 stols
1746 3477 1802 3536 ds·

92 3578 197 3629 uentus
214 3577 320 3628 cantet.
975 3571 1070 3646 posita
1084 3570 1182 3627 veniat
1196 3570 1226 3624 in
1238 3568 1373 3628 chorum.

128 3665 349 3717 Nonestautem
363 3661 715 3732 consuetudoutpriuatis
725 3661 830 3717 diebus
840 3666 922 3718 extra
1010 3661 1133 3729 Quodsi
1148 3660 1240 3718 abbas
1251 3658 1496 3718 hebdomadarius
1507 3658 1606 3718 missa
1616 3658 1714 3727 luerit,
1729 3674 1803 3717 cau·

93 3752 324 3822 Quadi-agesimo
338 3749 453 3807 dicatur
467 3751 629 3817 Tristities,
643 3750 771 3822 exceptis
784 3750 921 3806 Sabbatie
973 3756 1020 3808 tor
1029 3750 1080 3807 alii
1089 3751 1208 3807 missam
1218 3748 1364 3822 injungat.
1376 3748 1505 3805 absente
1515 3748 1630 3814 abbate,
1643 3748 1805 3805 hebdoma-

92 3841 224 3904 Quatuor
239 3840 430 3913 Temporum,
445 3845 474 3896 et
488 3838 602 3913 Vigiliis
613 3839 800 3897 Pentecostss
810 3842 838 3896 et
850 3838 919 3895 mis·
975 3838 1076 3896 darius
1089 3837 1185 3894 misse
1200 3836 1312 3892 cineras
1327 3835 1488 3893 benedicat.
1505 3836 1618 3903 Quibus
1641 3835 1805 3893 benedictis

92 3932 134 3986 eis
151 3931 356 3985 detunctorum
372 3930 528 4002 precipuis
543 3934 572 3987 et
587 3929 709 4002 privatis
721 3949 730 3997 ς
744 3927 797 3985 sed
812 3943 866 3986 nee
890 3928 920 3984 in
975 3931 1091 4003 primus
1105 3944 1156 3986 sos
1183 3944 1200 3983 a
1224 3923 1355 3998 quolibet
1369 3924 1552 3981 sacerdotum
1567 3922 1646 3981 stola
1659 3924 1762 3981 induto
1785 3941 1804 3981 s

93 4018 320 4075 matutinalibus
332 4019 432 4076 missis
448 4019 598 4075 Dominico
611 4019 657 4074 die
672 4025 732 4075 tam
748 4018 825 4074 inira
846 4016 920 4083 Qua·
974 4024 1093 4077 cantore
1108 4015 1280 4089 premonitc
1297 4012 1422 4085 accipiat
1436 4028 1503 4069 cum
1521 4011 1666 4082 ministro,
1692 4018 1723 4072 et
1742 4011 1807 4086 ipse

93 4110 287 4181 dragesimam
305 4125 392 4181 quem
405 4118 505 4164 extra:
521 4109 579 4166 nisi
589 4106 770 4165 matutinalis
782 4108 875 4165 missa
885 4107 921 4164 de
973 4105 1223 4167 hebdomadarius
1237 4103 1264 4160 ei
1279 4120 1296 4160 a
1309 4119 1370 4176 quo
1386 4103 1497 4173 accepit
1511 4103 1689 4176 imponat,et
1698 4101 1807 4177 poetic

93 4199 244 4256 [lominica
259 4199 356 4264 luerit,
368 4205 484 4270 propter
495 4199 617 4255 missam
628 4199 663 4255 de
677 4197 761 4260 leste,
774 4197 921 4270 postTen-
973 4198 1070 4256 locum
1087 4212 1176 4254 suum
1193 4198 1367 4252 revertatur.
1383 4193 1417 4250 iit
1431 4193 1482 4267 qni
1493 4192 1520 4250 al
1530 4193 1646 4251 cineres
1656 4184 1808 4263 dedit,det

92 4291 162 4347 tiam
180 4308 237 4346 non
253 4289 421 4363 repetenda.
437 4287 510 4346 Nam
526 4288 647 4363 privatis
661 4289 766 4347 diebus
785 4290 816 4347 in
840 4290 916 4357 Qua·
972 4293 1002 4346 et
1011 4287 1122 4346 ceteris
1132 4285 1272 4344 omnihus
1281 4283 1446 4340 secondum
1457 4281 1591 4339 ordinem
1602 4281 1804 4342 conversionis

93 4378 259 4453 dragesims
274 4377 397 4447 Domine,
414 4395 469 4435 nou
480 4379 641 4448 secundum,
656 4385 686 4436 et
709 4379 834 4435 Tractus
859 4377 918 4449 ille,
974 4395 1034 4438 sua
1048 4375 1269 4435 accedentibus.
1284 4374 1440 4432 Sciendum
1453 4376 1553 4431 autem
1569 4371 1641 4445 quis
1655 4371 1727 4431 dum
1746 4372 1803 4431 hcc

95 4473 131 4528 lie
143 4471 354 4528 necessitatibus
367 4470 447 4538 meis,
458 4476 497 4541 at,
511 4471 636 4542 homine,
650 4468 922 4528 exauctorationem
934 4455 961 4525 ὓ
974 4468 1105 4527 cilicium
1122 4467 1252 4525 cinerum
1266 4463 1374 4538 agitor,
1390 4462 1438 4520 ille
1453 4462 1500 4520 oui
1516 4467 1619 4519 cantor
1628 4461 1806 4534 injunxerit,

94 4561 175 4618 Faria
190 4566 296 4632 quarta
311 4565 379 4619 ante
394 4560 504 4617 Pascha
518 4577 570 4632 pro
584 4559 716 4632 qualibet
736 4557 921 4616 solemnitate
977 4576 1028 4618 eos
1041 4562 1109 4614 ante
1122 4557 1260 4615 abbatem
1281 4560 1380 4613 tenere
1395 4553 1492 4612 dehet.

96 4669 153 4709 non
169 4653 357 4710 omittuntur.
372 4651 495 4707 Tractus
510 4648 562 4722 qui
575 4648 742 4706 alternatim
764 4654 923 4719 canuntur,
1014 4647 1152 4706 inchoata
1165 4662 1232 4704 vero
1247 4644 1426 4717 Antiphone,
1439 4647 1620 4703 immutemur
1634 4643 1740 4712 halitu,
1756 4659 1808 4701 ss-

94 4744 125 4798 in
141 4741 190 4797 illo
206 4742 294 4798 choro
308 4741 340 4797 in
355 4756 413 4813 quo
437 4745 483 4796 est
505 4737 709 4796 iuvitatorium
733 4737 923 4812 incipientur.
978 4737 1080 4795 cardos
1095 4741 1125 4795 et
1138 4733 1273 4793 minister
1287 4733 1418 4791 calemut
1433 4751 1474 4804 se,
1491 4743 1520 4792 et
1533 4733 1618 4808 signo
1633 4731 1748 4806 pulsato
1758 4750 1807 4792 ac·

93 4832 173 4889 Alios
183 4832 413 4887 Tractuscanicr
425 4827 469 4884 vel
482 4828 532 4900 qui
547 4827 610 4899 ejus
620 4828 657 4885 ad
668 4829 792 4885 missam
802 4827 925 4900 geritoi·
978 4827 1085 4887 cedant
1098 4827 1135 4883 ad
1147 4825 1271 4883 missam
1281 4823 1499 4882 celebrandam.
1511 4824 1615 4882 Ceteri
1626 4838 1692 4882 sero
1702 4839 1807 4881 omues

93 4922 192 4977 liciam
207 4921 237 4978 in
253 4935 429 4992 quocunqne
443 4916 531 4974 choro
545 4918 585 4974 eit
595 4917 731 4991 incipiat.
978 4914 1146 4974 discalceati
1162 4918 1334 4973 remaneant
1347 4914 1441 4971 donec
1453 4914 1543 4972 misse
1556 4920 1722 4986 peragatur,
1733 4915 1806 4970 tunc

405 5006 525 5064 CAPUT
540 5007 614 5065 xiii.
978 5023 1035 5078 que
1049 5021 1082 5062 ss
1096 5002 1257 5063 recalceent
1270 5003 1300 5059 in
1316 5001 1455 5061 claustro.
1467 5008 1557 5061 Porro
1568 5004 1682 5061 cineres
1692 5002 1806 5061 hoscx·

370 5098 407 5154 lle
422 5096 519 5169 Capite
531 5096 647 5156 ieiunii.
978 5102 1024 5156 trs
1038 5095 1161 5152 cherum
1177 5091 1296 5149 lemilim
1309 5095 1338 5149 et
1356 5090 1525 5166 hospitibus
1533 5090 1558 5148 si
1570 5090 1715 5158 affuerint,
1727 5089 1806 5165 prior

131 5190 212 5247 Faria
222 5187 363 5261 quartain
375 5187 470 5260 eapite
479 5186 583 5260 ieiunii
594 5187 651 5260 (tr)
662 5187 742 5243 dicta
752 5183 850 5243 Prima
862 5197 927 5242 ess·
978 5185 1120 5256 adiuomo
1135 5179 1190 5239 sibi
1207 5181 1306 5254 aliquo
1323 5181 1412 5239 iraire
1427 5181 1571 5255 imponat.

94 5273 926 5346 antl‘ratresiuclaustrum,etaltarisministriutcateris
1014 5271 1172 5330 sciendum
1183 5275 1229 5328 est
1239 5270 1309 5343 quia
1320 5270 1444 5328 Tractus
1455 5272 1806 5345 Domincmcesecurtdum,

131 5406 188 5479 (17)
205 5407 295 5475 Caput
311 5401 418 5477 ieiumi
431 5401 575 5475 accipitur
587 5419 639 5475 pre
654 5402 703 5459 die
717 5402 868 5460 ilicetum.

133 5480 191 5607 (w)
206 5473 538 5564 superscrmcsscilicet
552 5489 642 5549 super
660 5480 775 5549 partem
789 5472 921 5549 superio·
978 5470 1074 5546 primo
1086 5468 1180 5543 gradu
1195 5467 1277 5527 cheri
1288 5473 1365 5528 estet
1379 5467 1425 5542 lps

97 5567 161 5609 rem
188 5551 322 5608 niemorts
337 5547 429 5606 chori.

1014 5399 1071 5470 (li)
1087 5396 1294 5469 presbyterium
1303 5395 1352 5453 hic
1363 5395 1609 5529 seciphlcrmplroee
1620 5403 1704 5473 parte
1714 5412 1808 5472 quse
