3788 6000
51 175 129 242 issi
528 174 629 241 USUS
649 175 816 241 oestrus
837 167 1010 245 uts'rhnu.
1031 213 1071 230 -
1091 181 1194 248 Plus
1213 182 1266 248 nt.
1675 195 1753 259 itti

51 317 97 383 rit,
113 313 190 386 quod
206 311 325 369 omnino
340 312 535 369 debetoavera
550 312 638 384 prior,
648 312 873 371 sedeatinterim
888 315 916 384 Α
931 317 974 373 rel
989 334 1005 373 a
1019 317 1179 378 cellerario.
1196 320 1249 389 Qui
1266 319 1376 394 aliquid
1398 324 1525 397 apponit,
1545 329 1575 383 et
1589 326 1637 384 cni
1663 346 1753 405 appo·

52 404 102 478 qui
118 401 252 459 voluerit.
268 400 340 457 Cum
359 417 428 474 ergo
445 399 520 472 prior
535 399 655 467 venerit,
671 405 826 474 assurgant
840 402 877 460 ei.
932 405 1024 476 nitur,
1040 407 1163 465 invicem
1179 408 1236 466 sibi
1251 410 1401 470 inclinent.
1418 413 1469 470 Cui
1491 420 1588 471 autem
1603 416 1682 489 prior
1701 422 1754 478 ali·

52 493 106 562 Qui
123 492 201 565 prior
211 490 333 549 inclinet
347 506 379 547 ss
400 496 468 547 ante
487 489 585 546 sedem
608 505 693 548 eoam
721 495 879 564 antequam
933 496 1004 568 quid
1017 496 1138 564 miserit,
1151 499 1232 571 prius
1243 500 1524 572 inclinetdcierenti,
1538 504 1756 567 deindeassur·

51 583 150 656 pulset
165 596 338 653 campanam
357 597 364 648 ;
381 578 557 651 quatandiu
574 579 753 652 pulseturad
768 583 879 637 utram·
932 599 1004 656 gena
1025 584 1160 644 humiliet
1183 605 1214 645 se
1237 606 1338 649 versus
1363 592 1498 664 priorem.
1523 594 1563 650 De
1586 597 1651 654 cibo
1675 614 1758 656 com·

53 688 109 744 que
124 669 323 736 relectionem,
334 674 367 724 ut
377 668 565 724 misereremei
574 668 644 724 liena
655 673 735 725 totus
747 668 880 742 psalmus
935 673 1015 729 muni
1032 675 1088 746 (95)
1103 693 1189 733 namo
1205 678 1316 736 dividat
1329 679 1426 737 alicui.
1443 683 1560 747 Quodsi
1578 686 1623 741 oui
1633 684 1756 759 aliquid.

53 761 111 818 dici
128 759 230 831 possit.
246 759 279 815 Et
294 757 364 815 dam
378 756 522 830 pulsatur,
538 757 589 829 qui
615 756 646 813 in
669 757 732 813 loco
748 772 800 814 sno
823 762 880 827 est,
933 762 1156 834 superadditum
1168 766 1266 836 inerit,
1278 767 1334 824 nisi
1345 771 1618 842 prominutioncvel
1630 774 1757 833 intirmi-

55 867 113 907 non
130 850 255 905 divertat
271 847 376 904 alicubi
392 847 483 904 donec
495 862 599 903 versos
621 847 797 919 perdicatur.
820 849 881 913 Qua
933 854 991 907 tala
1006 849 1032 908 ei
1047 852 1559 928 datumtueritaccllerario,tantom
1575 867 1672 935 potest
1687 867 1756 924 dare

55 940 177 996 dimissa
192 937 270 993 dicat
285 943 444 994 conventus
470 936 636 1006 benedicite,
652 940 680 993 et
700 936 779 992 dioto
793 953 881 993 versu
931 941 1014 1012 juxta
1031 942 1144 997 sedenti
1152 944 1188 999 ad
1205 943 1352 1002 dexteram
1363 953 1391 1003 et
1401 950 1436 1004 ad
1448 949 1598 1008 sinistram
1611 969 1617 1007 :
1632 952 1675 1010 illi
1690 970 1756 1012 uero

55 1045 122 1085 cnm
140 1027 246 1084 dixerit
259 1027 354 1084 titurio
367 1027 456 1096 Patri,
473 1025 641 1082 incurvetur
656 1025 765 1082 chorus
779 1032 882 1084 contra
935 1028 1008 1085 nulli
1024 1029 1091 1086 darc
1107 1030 1259 1089 dabantsi
1270 1040 1368 1091 autam
1385 1038 1434 1091 uni
1446 1041 1561 1095 tantum
1573 1040 1696 1110 dederit,
1708 1042 1757 1101 rlla

56 1120 179 1175 chorum
195 1117 335 1183 dieentes,
347 1115 445 1172 Gloria
459 1114 647 1187 Patrisque
662 1114 776 1185 cleison,
786 1121 816 1172 et
826 1117 881 1173 sub
935 1122 1030 1190 potest
1040 1119 1110 1176 dare
1120 1120 1206 1192 juxta
1218 1136 1250 1178 se
1263 1124 1369 1194 posito,
1385 1125 1435 1180 scd
1448 1126 1523 1183 ultra
1534 1144 1590 1186 non
1606 1133 1756 1202 procedat.

57 1207 172 1266 silentio
187 1207 270 1261 Pater
291 1215 393 1261 notter.
410 1208 480 1261 cum
508 1209 605 1260 autem
622 1205 757 1261 sacerdos
778 1203 884 1263 dixerit
935 1206 1119 1280 lianclegem
1137 1209 1326 1279 pitantiarum
1338 1214 1457 1270 omnino
1469 1219 1563 1273 teneru
1574 1219 1663 1290 prior,
1679 1220 1756 1279 siout

57 1301 134 1356 litne
156 1313 206 1355 nor
235 1296 330 1370 erigat
347 1311 389 1365 se,
405 1299 434 1352 et
462 1298 544 1353 stans
567 1312 670 1352 versas
695 1294 883 1368 principalem
936 1300 965 1352 et
978 1294 1083 1353 caleri.
1100 1296 1309 1356 Verumtamen
1324 1299 1455 1373 hospitae
1470 1304 1506 1360 de
1522 1309 1592 1376 pota
1607 1323 1660 1364 suo
1675 1324 1760 1382 gena·

58 1386 276 1445 mansamdicat
287 1384 410 1451 Oramus,
423 1384 550 1452 benedic,
560 1384 829 1455 hominattonatua,
839 1389 884 1441 etc
937 1383 990 1441 rali
1006 1385 1056 1441 alii
1073 1402 1130 1441 non
1141 1386 1221 1458 dant,
1239 1403 1291 1444 nec
1306 1388 1380 1447 alius
1392 1391 1526 1465 accipiat.
1542 1393 1572 1450 Si
1585 1395 1699 1466 quiade
1711 1413 1762 1455 co·

58 1479 169 1535 iaciens
185 1493 272 1533 unam
289 1490 418 1541 crucem,
434 1478 464 1531 ct
478 1475 521 1531 sio
531 1473 677 1547 compleat
689 1478 780 1532 totum
796 1475 884 1531 benc·
938 1474 1125 1532 medentibus
1150 1474 1193 1532 vel
1217 1478 1252 1533 de
1277 1479 1467 1538 servitoribus
1489 1481 1643 1541 offenderit
1662 1484 1760 1559 aliquo

58 1567 227 1636 dictionem,
243 1581 302 1637 qua
316 1564 462 1638 completa
477 1565 589 1636 erigant
613 1580 644 1620 se
658 1565 772 1633 iratres,
788 1567 818 1622 et
833 1563 882 1621 in·
939 1568 1036 1636 modo,
1054 1571 1133 1641 petat
1147 1568 1259 1626 veniam
1275 1573 1345 1626 ante
1355 1572 1489 1644 gradum.
1502 1575 1537 1629 Et
1548 1574 1624 1631 iacto
1636 1575 1764 1636 sonitua

58 1655 229 1729 predicatur
245 1669 371 1710 mensas.
899 1677 923 1744 B
939 1658 1034 1732 priore
1050 1672 1115 1714 cum
1132 1656 1262 1727 cultello,
1277 1667 1378 1732 surgat
1392 1669 1418 1716 et
1431 1660 1562 1731 inclinet,
1573 1663 1710 1721 etredeat
1725 1665 1761 1722 ad

96 1745 183 1802 Porro
198 1741 372 1799 Cellerarius
382 1744 411 1798 et
422 1743 482 1798 coci
494 1741 668 1813 provideant
679 1745 710 1798 ut
724 1743 810 1800 ambo
822 1742 884 1815 pul·
941 1748 1036 1805 locum
1049 1764 1147 1804 suum.
1164 1749 1294 1807 Remotis
1310 1750 1452 1822 scutellis,
1467 1751 1586 1826 colligat
1604 1769 1692 1810 cocus
1714 1770 1764 1811 co-

60 1831 203 1890 merlaria
213 1831 270 1904 (92)
280 1830 450 1902 priusquam
459 1829 886 1905 campanapulsatnr(sislq'ta·
941 1835 1047 1894 olearia
1062 1835 1180 1910 priusa
1205 1837 1321 1895 dextera
1346 1846 1433 1909 parte,
1459 1822 1603 1914 incipiens
1617 1842 1761 1916 apriore:

63 1938 128 1978 man
145 1919 349 1976 ahbasviderit
360 1918 567 1991 expedirsiper
582 1935 699 1976 mensas
713 1919 883 1992 disponant.
942 1925 1049 1983 dehinc
1064 1925 1099 1981 nd
1116 1925 1275 1999 sinistram,
1294 1926 1437 2000 incipiens
1450 1930 1535 2000 juxta
1551 1930 1688 2003 priorem,

59 2011 101 2067 lix
116 2026 173 2083 quo
190 2013 287 2065 autem
303 2025 446 2080 campana
461 2007 605 2080 pulsatur.
617 2008 642 2065 si
657 2008 729 2081 qald
741 2009 838 2065 adhuc
848 2010 884 2066 de
977 2019 1048 2071 cum
1058 2015 1137 2087 prior
1149 2014 1227 2072 liniri
1238 2016 1644 2088 volueritlectionem,lectori
1661 2020 1760 2079 dicat:

61 2097 223 2172 pulmentis
236 2097 423 2153 deferendum
435 2100 491 2163 est,
507 2113 564 2152 non
577 2097 784 2154 ieraturdouso
793 2098 886 2154 lector
945 2105 981 2160 Ta
992 2109 1088 2160 autem
1099 2120 1106 2158 :
1118 2107 1147 2159 et
1162 2118 1303 2176 responso
1318 2104 1499 2177 Deopratias,
1508 2109 1761 2182 cooperiantquod

57 2188 181 2260 incipiat
195 2186 298 2259 legere.
311 2189 347 2242 At
360 2187 384 2242 si
401 2186 509 2243 lectore
520 2186 678 2257 incipiente
689 2186 885 2260 legaretotum
942 2193 1213 2267 soparestdepane.
1227 2192 1366 2251 Inclinato
1377 2195 1590 2269 lectors,pulset
1599 2199 1679 2271 prior
1686 2216 1766 2258 cam·

59 2295 154 2334 unum
171 2277 266 2333 adhuc
283 2277 467 2349 pulmentum
488 2293 537 2348 par
552 2292 670 2332 mensas
694 2276 885 2333 deserendum
943 2299 1061 2355 penam,
1077 2286 1106 2338 et
1121 2297 1188 2339 mox
1203 2287 1357 2357 surgentes
1367 2289 1443 2341 stant
1459 2291 1528 2343 ante
1543 2303 1663 2346 mensas
1675 2305 1708 2346 so
1724 2308 1770 2348 or·

60 2375 116 2435 est,
133 2368 186 2423 hoc
203 2369 313 2422 lerator
335 2365 455 2434 ordina;
473 2365 585 2423 scilicet
613 2372 646 2422 ut
669 2364 733 2421 dua
757 2365 886 2422 scuteliae
943 2372 1769 2444 dinaqnoanterciectionemsteterunt,dicentssversum
1831 2383 1834 2388 ’
1856 2366 1864 2377 ’

60 2457 331 2531 priusdcierantur.
343 2453 824 2527 anascilicetpriorivelabbati,si
835 2456 886 2512 ad·
944 2476 1032 2534 quam
1048 2463 1150 2517 cantor
1166 2460 1286 2534 incipiat
1301 2477 1445 2535 campana
1465 2463 1587 2523 dimissa
1602 2484 1609 2524 :
1626 2469 1771 2539 quodictc

61 2544 159 2610 luerit,
175 2550 204 2601 st
223 2550 289 2617 post
313 2543 452 2615 Defunctic
472 2548 527 2599 trec
542 2544 609 2615 (93).
638 2542 745 2600 beinde
768 2544 831 2599 dua
856 2543 886 2599 in
944 2542 1098 2613 inclinent,
1115 2549 1144 2600 et
1165 2548 1268 2601 exeant
1292 2549 1445 2603 cantantes
1463 2545 1773 2621 acerentinum,

62 2636 178 2690 dextera
195 2638 287 2704 parte,
303 2637 331 2688 at
345 2632 411 2688 dure
425 2632 454 2686 in
471 2630 600 2696 sinistra,
617 2636 646 2686 et
660 2633 702 2688 sic
719 2633 783 2688 dna
807 2632 886 2701 hino,
944 2650 1032 2708 quam
1047 2633 1170 2707 incipiat
1182 2638 1296 2702 cantor,
1312 2634 1370 2691 illia
1386 2652 1453 2692 oum
1465 2652 1498 2693 eo
1523 2639 1774 2715 cantantibusqui

63 2729 91 2780 at
101 2726 165 2779 «loa
178 2722 391 2794 indeuaquead
403 2720 890 2794 ultimum.appositoitoquaconn-
945 2728 1023 2781 stant
1037 2721 1066 2778 in
1082 2723 1183 2779 dextro
1198 2723 1287 2780 choro
1313 2725 1341 2780 in
1358 2724 1509 2782 Ecclesia:
1526 2731 1690 2786 secuudum
1705 2746 1773 2790 vero

66 2812 148 2869 muni
158 2812 260 2879 cibo,si
269 2809 830 2882 cellerariusvelueritsuperaddere(til)
839 2825 890 2882 pro
944 2827 1063 2868 versum
1075 2811 1408 2869 dicatsinistcrchorus.
1424 2814 1458 2869 lit
1469 2813 1512 2871 sio
1524 2819 1643 2873 cautent
1654 2822 1774 2876 cataros

65 2896 890 2969 misericordiaillis,dcquibusindictnmestetahabbate,
947 2899 1124 2967 alternatim,
1143 2898 1204 2954 hini
1219 2904 1248 2955 et
1263 2899 1324 2955 bini
1341 2904 1455 2972 euntes,
1466 2901 1637 2973 junioribus
1660 2905 1774 2965 scillicet

67 2993 191 3064 ipsemet
201 2990 312 3047 deierat
323 2990 375 3054 cis,
391 2986 636 3043 etsicutvoluerit
646 2986 818 3054 distribuat;
833 2987 887 3044 hoo
907 2988 1141 3077 epraeuntihus
1158 3003 1165 3043 ι
1180 2987 1221 3044 ita
1236 2995 1332 3044 tamen
1348 2993 1380 3044 ut
1395 2989 1485 3061 prior,
1501 2991 1546 3047 vel
1563 2992 1687 3063 quilibet
1701 3012 1772 3054 oon·

67 3082 143 3137 idern
157 3080 241 3135 iaciat
252 3084 280 3134 et
290 3077 422 3133 minutia.
434 3079 562 3148 incoepta
572 3092 640 3149 crgo
653 3076 776 3132 lectione
787 3076 893 3132 iratres
947 3084 1065 3136 ventum
1080 3083 1195 3147 tenens,
1210 3080 1292 3136 solus
1306 3094 1355 3135 eos
1369 3080 1398 3135 in
1411 3080 1506 3138 medio
1522 3083 1678 3157 utriusqus
1690 3085 1774 3143 chori

67 3166 592 3240 discooperiantpanea,prioretamen
604 3167 685 3236 priua
696 3165 891 3222 hociucisnte.
947 3173 1096 3241 sequatur.
1114 3167 1168 3224 Sed
1185 3166 1210 3222 si
1227 3167 1318 3224 abbas
1335 3168 1443 3240 aliquis
1467 3169 1602 3236 adiuerit,
1619 3175 1667 3228 eat
1692 3173 1773 3245 prior

69 3260 109 3315 lix
126 3260 194 3313 hinc
210 3256 311 3312 nullus
326 3265 404 3310 exeat
416 3254 452 3308 de
467 3254 629 3323 relacione,
639 3253 738 3310 nullus
748 3255 837 3310 etiam
850 3253 893 3311 in·
947 3276 1014 3315 oum
1042 3257 1132 3323 socio,
1165 3256 1256 3312 abbas
1284 3265 1380 3314 eutem
1397 3257 1478 3315 solas
1495 3276 1502 3314 :
1519 3261 1544 3316 si
1569 3260 1626 3317 duc
1650 3262 1772 3321 abbates

68 3350 152 3406 cedat
162 3347 351 3404 comedendo.
363 3344 465 3401 Nullus
475 3343 515 3400 ibi
526 3344 626 3400 abluat
635 3346 775 3418 scyphum
791 3361 894 3418 manu,
948 3348 1069 3418 inerint,
1081 3353 1146 3403 eant
1156 3346 1257 3402 simul.
1266 3346 1415 3403 Fratribus
1424 3347 1523 3420 itaqua
1535 3349 1715 3408 intrantibus
1725 3368 1774 3410 eo·

70 3439 119 3494 aed
135 3437 218 3491 liniat
228 3435 277 3507 qui
292 3434 424 3491 voluerit.
437 3433 540 3490 Nullus
552 3440 648 3506 tergat
658 3434 814 3491 manusve!
831 3434 896 3491 cul·
948 3437 1078 3504 alesiam,
1090 3435 1141 3508 qai
1153 3433 1231 3508 prior
1245 3435 1416 3491 clericorum
1433 3437 1555 3494 chorum
1570 3439 1732 3509 intraverit,
1748 3441 1774 3499 si

71 3527 173 3584 tellum
190 3527 226 3582 ad
244 3525 406 3597 mapulam,
424 3524 479 3580 nisi
498 3525 578 3596 prius
594 3525 710 3582 terserit
725 3541 792 3581 oum
808 3540 893 3596 pane.
949 3526 1003 3582 hoc
1017 3527 1222 3582 convenienter
1234 3523 1354 3595 implere
1366 3526 1467 3597 possit,
1482 3526 1578 3599 pulset
1590 3528 1720 3600 signum.
1732 3531 1778 3586 ln-

70 3615 123 3679 Oui
140 3615 264 3671 voluerit
276 3613 317 3668 sal
329 3614 469 3684 accipere,
485 3627 552 3669 cum
564 3612 682 3669 cultello
695 3612 827 3685 accipiat.
842 3615 895 3681 Oui
949 3616 1113 3688 gradientes
1127 3629 1194 3670 varo
1209 3614 1331 3670 chorum
1342 3615 1515 3672 ordinentur
1525 3616 1602 3673 sicut
1614 3618 1649 3673 ad
1664 3619 1774 3677 missas

73 3705 155 3767 bibit,
165 3701 530 3758 duabusmanihusteneat
542 3701 696 3773 scyphum.
709 3701 736 3755 Si
747 3701 898 3773 quisvide·
949 3705 1043 3760 versis
1057 3702 1187 3760 vultibus
1202 3705 1238 3758 ad
1257 3703 1348 3759 altam
1364 3720 1455 3775 usque
1470 3706 1506 3760 ad
1522 3706 1619 3762 Gloria
1634 3710 1730 3764 Patri:
1746 3716 1776 3765 at

72 3794 109 3848 rit
123 3792 209 3848 alicui
222 3791 323 3845 deesse
338 3788 415 3857 quod
427 3787 534 3843 habere
546 3787 642 3854 debet,
653 3788 787 3860 requirat
800 3804 817 3844 a
829 3804 896 3844 coco
950 3797 1021 3848 tunc
1031 3794 1347 3865 prosternantarsupcr
1358 3792 1467 3848 iormaa
1477 3792 1572 3859 :vel‚si
1585 3793 1641 3849 tale
1653 3800 1774 3868 tempus

107 3915 162 3985 (92)
182 3911 270 3968 Ambo
285 3913 482 3983 pulmentaria.
502 3912 532 3966 ln
549 3910 603 3966 hoc
627 3910 681 3966 init
704 3909 897 3967 constitutum
950 3906 1076 3963 inllrmia
1091 3904 1229 3974 pitantias
1244 3903 1358 3976 aliquas
1369 3922 1403 3960 ax
1415 3907 1520 3975 pietate
1532 3911 1560 3962 et
1572 3907 1774 3967 misericordia

73 3989 208 4060 quintum
224 3984 383 4039 discrimen
411 3989 578 4038 nostrarum
606 3999 622 4037 a
646 3981 897 4053 Glnrriacensihus,
951 3978 987 4034 ali
1012 3976 1108 4032 nando
1123 3974 1283 4031 indulsisse
1298 3992 1406 4047 easque
1420 3983 1494 4032 teste
1509 3977 1616 4034 laccho
1632 3980 1775 4039 cardinall

75 4057 152 4131 quod
170 4055 272 4122 nostri,
284 4072 341 4111 non
353 4055 406 4124 illi,
418 4057 534 4109 duobus
545 4053 704 4124 pulmentis
715 4051 898 4125 regularibus
951 4051 986 4107 de
1028 4048 1127 4104 itriaoo
1138 4047 1168 4103 in
1180 4063 1238 4130 'sua
1247 4047 1369 4103 ilistorio
1379 4050 1545 4117 Occidentis,
1555 4050 1651 4120 eapite
1662 4052 1775 4110 decimo

73 4130 201 4186 contenti
218 4135 315 4183 essent
326 4133 411 4200 juxta
426 4141 489 4196 cap.
501 4125 536 4180 39
554 4125 624 4197 aeg.
634 4130 664 4183 S.
682 4125 789 4181 Benad.
951 4126 1055 4195 quarto
1071 4136 1103 4175 ex
1115 4120 1256 4191 piscibus,
1267 4119 1450 4185 ovrs,lacteet
1462 4136 1544 4176 caseo
1557 4124 1711 4195 praeparari
1723 4141 1776 4180 ao·

108 4199 164 4272 (93)
182 4200 326 4268 basanctis
342 4206 406 4255 tres.
422 4199 463 4252 En
480 4199 615 4268 pietatem
641 4205 806 4253 nostrorum
830 4212 899 4269 erga
952 4193 1029 4249 litas.
1045 4194 1075 4246 ie
1089 4191 1208 4247 Constat
1216 4207 1266 4246 eos
1277 4191 1306 4245 in
1319 4193 1544 4261 astatc,messia
1555 4198 1697 4266 tempore.
1714 4197 1778 4253 dia·

73 4273 235 4328 defunctos.
255 4272 404 4328 [labantur
418 4275 516 4325 autem
540 4267 601 4325 hoeo
623 4284 723 4325 eorum
748 4267 898 4338 pulmenta
952 4265 1008 4321 bus
1023 4263 1132 4334 quibus
1148 4260 1318 4318 laborabant
1335 4280 1426 4319 unum
1442 4263 1622 4334 pulmentum
1640 4267 1675 4323 ad
1688 4284 1778 4339 pran-

76 4346 263 4417 paaparihus.
955 4336 1037 4392 dium
1053 4340 1082 4390 et
1096 4334 1222 4389 alterum
1238 4335 1273 4389 ad
1291 4349 1402 4390 coenam
1429 4335 1558 4408 illudque
1584 4344 1700 4395 coctum
1722 4338 1778 4396 ha·

110 4416 165 4486 (et)
181 4414 381 4486 superaddere.
398 4414 457 4470 Hoc
474 4409 603 4482 intelligo
627 4410 664 4465 de
680 4411 811 4481 pitantiis
836 4427 901 4538 qua
957 4407 1056 4463 huiaas
1083 4409 1207 4490 utinm}
1222 4420 1256 4460 ex
1280 4421 1343 4489 cap.
1359 4408 1394 4460 ai
1411 4406 1499 4478 hujus
1522 4406 1598 4465 libri.
1615 4412 1652 4465 Ac
1676 4425 1779 4493 cooae-

74 4504 108 4543 ax
124 4488 230 4559 pietate
245 4495 271 4542 ct
288 4483 487 4543 misericordia
506 4481 628 4538 minutis
644 4486 673 4538 et
689 4482 842 4538 infirmiori
867 4499 901 4539 ua
955 4481 1078 4551 quanter
1093 4478 1159 4533 alus
1172 4477 1275 4532 diebus
1297 4494 1320 4534 sr
1342 4480 1459 4548 quando
1485 4485 1643 4548 coenarent,
1659 4480 1779 4537 nonnrsl

76 4558 151 4615 ultra
164 4559 309 4631 regularia
320 4560 469 4630 pulmenta
481 4554 734 4625 permittebantur,
745 4552 901 4627 dequibus
956 4549 1159 4616 tructus,olera
1169 4554 1220 4605 aut
1229 4552 1378 4604 nascentia
1386 4549 1677 4623 leauminum,eaque
1688 4551 1780 4608 cruda

75 4632 105 4686 in
121 4631 314 4702 aequantibus
336 4629 443 4703 sapius
459 4634 587 4682 recurret
603 4626 721 4682 mentio.
956 4621 1113 4694 accepisse.
1130 4619 1261 4677 Utvelex
1275 4619 1322 4675 hia
1333 4621 1779 4693 appareathospaupcreschri·

111 4701 168 4773 (95)
191 4703 227 4757 lic
241 4701 463 4765 cibocommuni,
476 4698 530 4753 hoc
541 4703 585 4752 est
596 4697 631 4752 de
643 4697 802 4769 pulmentis
816 4713 901 4769 rega·
956 4694 994 4751 sti
1010 4709 1067 4748 non
1084 4692 1180 4748 solum
1198 4691 1296 4746 labore
1312 4707 1453 4747 manuum
1470 4709 1602 4758 suarum,
1620 4693 1779 4751 rusticano·

75 4772 340 4829 larihua.Caeterum
350 4775 426 4830 atde
442 4772 518 4826 victu
531 4776 696 4824 nostrorum
711 4768 901 4840 antiquorum
956 4782 1022 4823 rum
1031 4763 1301 4830 more,aibiuictum
1316 4766 1569 4833 comparasse‚scd
1579 4765 1608 4820 in
1619 4765 1695 4820 victu
1710 4781 1779 4836 pau·

76 4848 287 4901 monachorum
302 4846 473 4917 quotidiano
489 4839 694 4897 nonnullahoc
716 4840 745 4895 in
761 4838 825 4895 loco
841 4856 901 4912 per·
957 4853 1058 4909 parurn
1075 4835 1213 4890 alimenta
1225 4833 1508 4918 famulatosessamt,
1523 4836 1600 4907 quod
1616 4838 1779 4907 majusast,

77 4915 229 4981 sirinnan.
242 4918 269 4972 1⁰
284 4917 404 4973 Constat
415 4924 447 4970 ut
458 4918 537 4985 patet
547 4928 582 4967 cx
594 4911 728 4979 pluribus
737 4909 803 4967 libri
812 4910 903 4982 hujus
956 4926 1014 4979 eos,
1032 4906 1134 4962 eodem
1150 4904 1297 4962 Cardrnalr
1312 4906 1348 4962 de
1359 4910 1486 4962 Vrtrraco
1498 4912 1721 4981 teste,tanqnum
1732 4909 1780 4965 ha·

76 4980 220 5056 capitibus
246 4993 275 5043 st
290 4990 415 5043 maxime
433 5002 469 5041 ex
484 5001 547 5055 cap.
563 4983 610 5048 iu,
624 4983 659 5039 8l
674 4990 703 5040 et
717 4983 762 5037 99.
785 4981 902 5039 Libram
956 4997 1002 5037 uec
1016 4983 1050 5034 dc
1064 4980 1187 5033 armento
1202 4976 1314 5031 bomine
1333 4977 1448 5048 pateam
1470 4981 1675 5043 manducantes,
1690 4996 1781 5063 pruna

77 5059 161 5128 panis
176 5060 342 5114 communia
360 5063 388 5113 at
403 5056 552 5113 heminam
564 5054 625 5109 vini
640 5055 676 5111 ad
696 5054 902 5128 quotidianam
957 5049 1214 5122 superuenientibus
1232 5063 1392 5121 reservasse,
1408 5050 1515 5121 qnippe
1539 5050 1590 5121 qui
1615 5049 1781 5121 hospitibus

76 5130 185 5184 victum
199 5130 407 5198 eoahabuissa,
418 5129 506 5200 idque
511 5129 594 5196 juxta
603 5125 743 5197 Regulam
753 5125 783 5181 S.
794 5123 902 5181 bened.
958 5137 1061 5196 panem
1074 5119 1520 5191 albumapponerent,cibarium
1536 5127 1565 5178 at
1575 5123 1783 5181 secundarium

75 5217 139 5270 cap.
155 5199 190 5254 39
205 5205 233 5255 et
248 5217 312 5271 cap.
329 5201 373 5257 tu.
389 5203 419 5255 2⁰
434 5200 554 5256 Constat
568 5214 617 5254 eos
640 5200 698 5254 sive
713 5196 758 5254 bis
774 5197 834 5253 siue
858 5213 903 5253 sa·
958 5195 1014 5250 sihi
1030 5195 1222 5248 reservantes.
1239 5193 1318 5257 Quod
1335 5194 1360 5249 si
1371 5193 1416 5248 cui
1434 5194 1535 5249 durius
1551 5194 1695 5260 videatur,
1710 5193 1785 5250 sciat
1860 5258 1864 5263 ¹

78 5276 135 5327 ruet
151 5275 265 5327 tantum
281 5272 444 5335 reticerent,
460 5270 587 5341 singulis
600 5269 715 5337 diebus,
731 5273 831 5325 coacta
845 5269 904 5324 duo
959 5282 992 5322 en
1008 5263 1038 5320 S.
1056 5267 1087 5318 P.
1101 5267 1201 5318 nostro
1218 5265 1363 5320 Bernardo
1378 5264 1453 5337 quod
1481 5280 1591 5336 sapores
1605 5267 1687 5321 rebar
1698 5265 1787 5322 reddit

99 5343 273 5398 ulmsntaria
285 5343 513 5414 habuisseque,
526 5347 598 5397 teste
609 5341 756 5413 Stephano
766 5340 905 5413 episcopo
959 5336 1123 5418 exercitium
1137 5349 1203 5406 quoe
1219 5334 1283 5391 tulit
1297 5337 1410 5391 inertia.
1429 5336 1493 5392 Otus
1508 5339 1594 5418 enim,
1611 5346 1642 5392 ut
1662 5337 1727 5409 ipse
1747 5337 1789 5394 ait

77 5362 266 5480 incarcerat,
284 5416 312 5470 in
325 5412 494 5486 epistolaad
510 5413 667 5468 liebertum
683 5412 905 5485 Pontigniaren·
960 5410 990 5463 in
1002 5405 1168 5476 epistolaad
1181 5405 1788 5487 Nep...tabapulteapanrrqueciboriuscunr

80 5502 153 5551 sem,
170 5502 235 5555 uper
249 5502 284 5542 ea
297 5485 484 5555 lequminibac
494 5488 541 5538 nat
555 5499 590 5540 en
604 5484 725 5539 cleribus
737 5484 834 5540 borlas
848 5481 908 5539 illic
961 5493 1043 5546 auria,
1054 5479 1207 5558 quiescenti
1221 5477 1454 5560 quaterniuatidio
1475 5489 1549 5548 cunt,
1564 5483 1615 5536 rect
1626 5480 1788 5538 exercitatio

79 5556 317 5615 subministraret.
334 5559 364 5614 3ο
378 5560 498 5615 Constat
509 5571 559 5612 eos
576 5556 709 5628 minatis,
720 5556 908 5613 debilibuset
962 5563 1073 5618 mapnae
1086 5547 1215 5606 ardentm
1232 5549 1348 5607 delicia.
