3796 6000
94 210 170 272 ttot
591 217 691 280 USUS
714 219 871 282 onntttts
895 223 1066 288 ctsnnno.
1084 261 1123 275 -
1143 230 1246 294 PARS
1266 232 1292 294 l.
1718 238 1797 305 ttdn

93 346 406 444 sperarittampusdiei
421 347 660 406 nonsuillocrent
671 349 916 410 luminadioiom·
930 356 959 425 Α
973 363 1055 415 catur
1069 362 1105 418 da
1129 363 1361 431 Resurrectiona,
1379 366 1449 422 mur
1472 368 1522 441 qai
1534 368 1668 426 hodierna
1690 368 1796 444 disper

92 433 140 489 nia
154 432 342 506 impleantur,
372 441 555 508 procuretut
579 438 796 511 aliquantulum
815 443 916 501 minus
970 448 1253 519 liniaeavtamtaam.

94 539 209 579 morose
235 540 324 595 quam
350 524 416 582 aliis
442 525 544 583 diebus
567 527 776 601 vespertinales
802 531 916 590 modas
1263 544 1379 602 CAPUT
1400 546 1499 603 xxv1.

94 612 267 685 psallantur.
289 614 358 673 Post
381 617 568 675 relectionem
591 635 673 678 more
697 621 783 678 solito
808 622 916 680 iaciant
1202 639 1243 692 De
1256 643 1353 693 octauo
1367 637 1412 693 dis
1427 637 1552 696 Pascaae.

92 703 274 761 Mandatum.
1005 726 1155 782 Domanica
1165 733 1264 785 autem
1279 730 1309 785 in
1322 730 1437 786 Dotavis
1453 729 1581 799 Pascha,
1594 731 1689 804 prima
1705 732 1795 789 missa

388 798 504 857 carim
524 800 619 858 XlllV.
968 811 1025 868 erit
1053 814 1223 886 Resurreait,
1251 824 1280 874 ot
1306 821 1436 877 secunda
1477 819 1563 888 Quasi
1590 821 1668 877 modo
1694 825 1794 893 pertiti,

90 902 127 960 De
139 901 219 985 {ertit
237 906 396 959 saeclorum
410 920 475 976 auat
487 915 547 978 post
560 907 717 964 Sabbatum
731 915 798 964 ante
821 910 916 966 ncaa'·
968 904 998 957 Pl
1023 904 1154 962 Pfflldli⁰
1170 907 1202 962 ⁷0
1226 908 1344 979 illim,
1364 911 1489 973 DOmltlss·
1514 908 1592 965 ‘imm'
1610 916 1741 982 ῑΜΡθΓθ,
1765 914 1794 968 Ol

125 991 218 1030 arcam
233 977 264 1031 ia
290 977 398 1032 Paiania
415 993 500 1050 araas
515 979 551 1035 ad
564 981 680 1039 Octooas
691 980 808 1039 ructa
821 997 915 1039 occar-
970 989 1249 1061 Communicaates,et
1264 997 1617 1068 ttaacipitarcbtatioacm
1632 999 1667 1054 ad
1684 1004 1794 1057 utram·

126 1054 203 1166 ''ll‘'
231 1154 236 1166 .
968 1097 1026 1155 quc
1044 1083 1165 1140 missam
1177 1086 1321 1145 dicantur.
1332 1089 1465 1144 Secunde
1479 1088 1569 1159 hujus
1584 1088 1641 1145 diei
1657 1087 1794 1147 missaea

126 1154 154 1210 Sr
172 1154 314 1212 festivitas
330 1156 407 1215 beati
417 1157 566 1215 Benedicti
581 1158 674 1217 Patris
690 1160 846 1228 nostri,seu
856 1159 916 1217 alia
968 1173 1154 1231 veneratione
1169 1187 1281 1245 aretur,
1295 1194 1352 1250 qua
1369 1178 1400 1232 nt
1414 1176 1444 1232 in
1460 1179 1534 1234 testo
1550 1177 1639 1234 nnius
1654 1177 1791 1252 apostoli.

91 1243 233 1300 testivitas
249 1243 403 1302 duodecim
427 1244 587 1304 lectionum
604 1264 661 1321 qna
676 1266 732 1306 non
749 1248 915 1306 laboramus
969 1261 1005 1317 Et
1016 1262 1168 1320 sciendum
1183 1270 1228 1320 aaa
1243 1265 1312 1338 quia
1336 1264 1525 1339 auangattam
1547 1269 1622 1338 quod
1638 1265 1745 1338 legitur
1759 1267 1791 1324 in

91 1340 158 1405 post
171 1333 333 1390 Sabbatum
346 1336 424 1408 quod
440 1338 578 1408 precedit
602 1337 783 1395 Domininam
800 1339 914 1395 Palma·
968 1349 1023 1406 hac
1039 1352 1085 1407 die
1100 1353 1136 1409 ad
1148 1355 1288 1424 majoram
1305 1355 1435 1423 missam,
1447 1354 1558 1411 scilicet
1572 1355 1640 1411 dum
1652 1365 1791 1414 carattere

90 1438 156 1478 rum
173 1437 267 1495 nsque
281 1423 317 1478 ad
334 1425 435 1481 leriam
463 1426 595 1498 quintam
609 1427 781 1500 septimana
797 1428 914 1485 Pascha
967 1440 1013 1496 die
1028 1439 1093 1510 ilia,
1111 1449 1266 1515 postquam
1282 1460 1316 1500 ex
1331 1444 1444 1516 integro
1461 1445 1612 1500 Dominica
1627 1444 1792 1503 dialectum

89 1511 227 1579 minxerit,
244 1513 307 1580 ipsa
322 1513 394 1569 laria
409 1515 513 1586 quinte
527 1516 682 1590 agatensi
700 1517 841 1590 dumque
853 1517 914 1589 Pil·
969 1530 1075 1586 luerit:
1092 1532 1120 1586 in
1136 1533 1246 1588 ceteris
1262 1534 1382 1605 privatis
1392 1534 1495 1591 diebus
1510 1534 1605 1606 ipsius
1620 1534 1791 1607 septimanas

90 1618 140 1658 Μ
158 1605 213 1664 0⁸2·
238 1607 344 1673 ’ΒΜΓ
357 1604 459 1676 (lulsslfl
473 1606 554 1674 laria,
581 1622 707 1679 ⁸0il⁰0¹¹³
723 1606 752 1663 5¹¹
777 1606 912 1664 Slbbllffl·
970 1635 1033 1676 mos
1049 1619 1171 1677 estillud
1188 1621 1217 1676 in
1228 1621 1304 1678 duas
1319 1629 1414 1695 partas
1426 1623 1565 1679 dividere.
1580 1625 1790 1680 Primaeotem

90 1693 172 1758 Quod
186 1693 210 1749 δί
227 1699 292 1764 P0⁸l
307 1694 465 1751 Sflbbtlum
488 1699 564 1769 quod
582 1697 716 1768 ptoeeedll
731 1696 914 1754 Dvmlnlcflm
930 1729 953 1797 Β
969 1726 1036 1782 pars
1051 1727 1067 1767 a
1082 1712 1176 1782 capite
1190 1711 1333 1783 incipiens
1349 1728 1442 1784 usque
1467 1713 1515 1778 ad,
1532 1713 1647 1769 Thomas
1669 1730 1744 1770 aaut
1755 1728 1792 1769 aa

91 1782 121 1839 in
139 1783 237 1839 flamia
249 1782 412 1854 paintarum
429 1802 523 1858 usqne
537 1786 699 1844 stoenam
715 1787 842 1856 Domini,
857 1795 913 1846 ela
967 1799 1107 1856 duodecim
1122 1817 1151 1856 se
1166 1799 1312 1857 extendit:
1333 1803 1462 1859 secunda
1475 1818 1542 1858 vero
1557 1801 1594 1858 ab
1609 1801 1710 1858 eodem
1726 1800 1789 1858 loco

90 1870 192 1944 quinta
208 1873 279 1929 laria
294 1872 411 1931 Pascha
428 1892 520 1947 usque
541 1883 608 1948 post
621 1880 755 1946 octavas,
771 1877 912 1935 iestivitas
968 1905 1061 1961 usque
1077 1892 1112 1948 od
1130 1890 1227 1948 finem.

91 1962 244 2019 duodecim
259 1962 417 2020 lectionum
434 1966 462 2020 io
480 1982 538 2035 qua
552 1966 720 2023 laboramus
732 1967 845 2023 evenit:
861 1985 912 2040 pro
1255 1980 1370 2038 CAPUT
1390 1980 1502 2038 xxvtt.

89 2050 164 2107 irato
175 2051 329 2108 duodecim
341 2051 499 2109 lectionum
514 2055 548 2110 ad
561 2054 704 2127 Vesperaa
717 2055 747 2111 in
764 2054 913 2128 Vigiliaet
1177 2071 1213 2127 Da
1226 2076 1348 2142 tempora
1362 2069 1581 2128 rerurrectionis.

90 2140 300 2209 adLaudea,ad
314 2144 474 2199 missamet
484 2145 520 2199 ad
531 2144 757 2217 Vesperasillius
767 2145 824 2202 disi
836 2163 913 2203 com·
1002 2159 1043 2215 Ab
1061 2159 1175 2217 octavi,
1190 2161 1308 2218 paseha,
1323 2177 1417 2234 usque
1430 2161 1465 2218 ed
1482 2159 1657 2233 negationes
1672 2158 1793 2216 Ahetuiu

91 2232 262 2328 memoratio
277 2232 461 2288 liat.Pestum
474 2249 542 2290 vero
553 2236 587 2290 de
601 2251 659 2308 quo
670 2237 912 2294 commemoratio
966 2265 1031 2322 qu„
1046 2250 1125 2306 dieta
1139 2256 1210 2307 euna
1225 2252 1252 2306 in
1270 2250 1419 2307 Dorntniaa
1434 2251 1470 2307 ad
1488 2251 1630 2322 majoram
1655 2249 1790 2315 misaam,

90 2319 150 2373 lien
166 2318 250 2383 solet,
268 2324 386 2374 assueta
396 2321 673 2377 commemoratione
688 2322 872 2379 terminetur.
882 2321 913 2378 Si
968 2339 1088 2410 mimi,
1102 2340 1207 2397 diebu,
1229 2340 1356 2396 ,aornim
1380 2345 1558 2412 repetantur.
1576 2338 1718 2396 Similiter·
1741 2354 1793 2410 par

89 2413 188 2463 ⁰⁰²⁰OE
205 2412 320 2510 ⁸in
346 2408 462 2465 D⁰ml¹¹l
481 2426 574 2482 ¹¹⁸<l¹¹e
590 2411 625 2467 Μ
651 2409 753 2467 teriam
776 2410 911 2483 q⁰l⁰l⁸ffl
966 2428 1088 2486 Octavus
1118 2430 1304 2487 incensionis
1328 2430 1455 2485 Domini.
1479 2431 1513 2486 Et
1536 2429 1687 2485 sciendum
1714 2428 1792 2500 quod

88 2496 206 2553 Pascha
218 2498 361 2554 festivitas
374 2499 528 2555 duodecim
542 2500 698 2557 lectionum
710 2501 869 2558 occurrerit
883 2500 912 2557 in
966 2536 982 2575 ι
998 2523 1109 2578 Μὴ,
1125 2516 1219 2592 „que
1234 2521 1269 2576 ,d
1286 2520 1494 2577 Ammonem
1508 2518 1636 2589 pomini,
1651 2519 1791 2576 omnibu.

88 2585 376 2688 quatabommuavet
386 2589 913 2688 ⁰¹}d000fflffi0ffl0llll0ss0ffllsslmub
968 2609 1127 2666 Dominicis
1142 2610 1247 2667 diebus
1259 2611 1349 2666 missa
1362 2607 1544 2665 matutinalis
1560 2609 1663 2664 debeat
1677 2622 1742 2664 csse
1756 2607 1793 2664 de

88 2675 252 2733 ⁰⁰¹¹⁸¹¹¹d⁰
269 2676 452 2736 flllmefilffl·
968 2698 1191 2755 Resurrectiona
1219 2697 1346 2768 Domini,
1376 2695 1508 2754 videlicet
1537 2696 1708 2764 aerumma,
1737 2691 1795 2750 nisi

391 2786 502 2844 CAPUT
521 2788 609 2846 XXV.
968 2787 1109 2843 festivitas
1125 2785 1249 2858 alicujus
1263 2785 1357 2843 sanati
1373 2786 1428 2842 hoc
1443 2784 1620 2854 impedierit.
1637 2785 1679 2838 hd
1698 2798 1788 2854 quam

330 2876 366 2934 De
382 2879 535 2948 septimana
550 2877 676 2935 Paschae.
968 2876 1089 2932 missam
1103 2883 1201 2932 tamen
1218 2874 1339 2932 minime
1353 2875 1468 2931 dicatur
1479 2873 1609 2929 Praelatio
1624 2872 1656 2927 Te
1669 2871 1791 2944 auidam,
1831 2884 1834 2891 ·

124 2962 229 3022 'tribus
245 2964 348 3023 diebus
360 2968 409 3039 qui
421 2967 538 3024 Pascha
550 2967 626 3023 diem
643 2971 815 3038 sequuntur,
827 2971 914 3025 erunt
969 2966 1091 3031 Domina,
1106 2963 1183 3021 omni
1205 2970 1335 3038 tempore,
1351 2970 1379 3021 at
1402 2965 1648 3027 Commaaioaatea,
1665 2964 1694 3017 et
1717 2960 1792 3016 Hanc

91 3054 194 3111 iratres
210 3055 239 3112 in
263 3055 396 3126 lectione,
414 3074 466 3113 neo
489 3056 676 3124 laborabunt,
692 3055 760 3128 quia
785 3058 837 3113 hos
854 3064 914 3114 tres
969 3058 1059 3129 icitur
1072 3057 1249 3113 oblationem.
1269 3055 1302 3111 Εἰ
1318 3056 1344 3112 sl
1359 3056 1431 3113 lorte
1452 3053 1719 3122 tornamentorum
1734 3048 1791 3123 cat)

89 3143 152 3201 dies
161 3162 212 3217 pro
223 3146 520 3202 venerationosanctm
530 3145 915 3205 Resurrectioniseulemnes
934 3108 1006 3201 cdo
1021 3144 1119 3218 aliquo
1142 3152 1244 3202 sancto
1259 3145 1323 3215 ipsa
1339 3145 1428 3200 missa
1443 3142 1638 3208 matutinalia,
1660 3147 1731 3197 tuno
1747 3140 1791 3194 di·

90 3233 242 3305 babemus,
255 3234 330 3290 sicut
346 3238 451 3292 testum
467 3236 593 3306 alicujus
609 3235 743 3311 apostoli.
755 3236 916 3294 invitatoria
969 3240 1051 3292 catur
1064 3235 1191 3292 collecta
1204 3235 1241 3291 de
1252 3235 1474 3293 Resurrectione
1484 3232 1610 3299 Domini,
1626 3232 1653 3287 id
1670 3236 1714 3287 est
1725 3230 1794 3285 usar

90 3326 188 3379 tanuen
201 3341 351 3397 nunquam
363 3326 419 3381 nisi
430 3327 457 3380 iu
467 3325 622 3383 duodecim
634 3318 833 3384 lectionibus'a
845 3328 916 3384 duo·
968 3328 1017 3398 qui
1031 3343 1080 3391 per
1094 3325 1271 3396 uaipeaa'tam
1285 3335 1366 3381 tuam
1380 3331 1447 3398 post
1457 3322 1614 3380 collectam
1630 3322 1666 3377 de
1679 3324 1794 3390 saneto,

91 3413 146 3468 bus
163 3415 301 3471 iratribus
313 3422 464 3474 canentur.
476 3416 549 3472 Aliis
562 3434 627 3473 vero
639 3417 734 3473 tribus
749 3417 853 3474 diebus
863 3415 915 3490 qui
969 3416 1080 3474 scilicet
1095 3422 1162 3474 anta
1177 3414 1400 3473 Dominioslem.

81 3498 255 3574 'sequuntur
271 3505 450 3574 laboramus,
464 3507 513 3562 sad
525 3518 621 3564 tamen
638 3507 914 3578 missamquatidia·
1005 3507 1085 3575 Quod
1102 3509 1127 3565 si
1144 3509 1250 3563 lestnm
1267 3507 1421 3562 duodecim
1433 3502 1604 3560 Lectionum
1618 3500 1646 3555 in
1663 3497 1726 3573 ipsa
1741 3496 1796 3554 Do·

93 3609 160 3650 nam
173 3592 331 3651 solemnem
348 3597 474 3669 agimus.
487 3598 517 3652 ln
534 3596 690 3670 quantiam
708 3597 796 3655 missa
808 3598 917 3655 adsunt
970 3598 1078 3655 minian
1101 3598 1241 3666 evenerit,
1257 3597 1322 3667 ipsa
1346 3611 1438 3652 missa
1456 3593 1512 3649 erit
1531 3593 1568 3648 de
1592 3589 1751 3656 Donrinica,
1765 3589 1796 3644 at

92 3683 150 3739 duo
167 3684 304 3753 ministri,
319 3685 459 3742 diaconus
475 3687 607 3744 videlicet
617 3695 646 3743 et
659 3687 856 3745 subdiaconus
868 3705 875 3745 t
887 3691 917 3745 et
968 3688 1093 3745 collecta
1109 3688 1145 3744 da
1160 3685 1393 3751 Recurrendum,
1406 3689 1471 3753 past
1484 3683 1565 3739 illam
1582 3681 1617 3737 de
1632 3680 1705 3735 laeta
1721 3679 1796 3733 dioe-

92 3772 156 3827 dua
166 3772 291 3828 candela
301 3774 437 3831 ardentes
445 3781 529 3843 Juxta
538 3776 635 3839 altare,
648 3781 677 3833 et
687 3777 839 3833 incensum
851 3778 917 3849 post
972 3782 1029 3835 tur.
1044 3778 1074 3832 si
1086 3783 1186 3834 tamen
1202 3777 1346 3832 dedicatio
1361 3773 1499 3838 ecelesia,
1515 3772 1558 3827 vel
1576 3767 1708 3826 lnventio
1723 3783 1795 3823 san·

92 3862 291 3920 Otlarendam.
306 3863 464 3920 Sciendum
489 3863 575 3921 etiam
592 3865 669 3937 quod
685 3865 733 3921 die
757 3865 872 3923 Pascha
888 3869 917 3923 et
970 3872 1022 3923 cta
1033 3865 1130 3921 crucis
1144 3863 1394 3935 bectemporedie
1409 3856 1796 3921 Dominioaevenerit,mtssa

93 3953 190 4007 tribus
206 3951 398 4024 sequentibus
413 3953 516 4009 diebus
526 3951 620 4011 Gloria
636 3958 665 4009 ta
679 3955 794 4011 excelsis
812 3955 876 4021 Deo,
887 3959 916 4012 et
972 3951 1160 4011 Dominioalis
1186 3949 1346 4006 differatur.
1368 3948 1398 4004 ln
1424 3944 1576 4002 Dominioa
1603 3947 1703 3998 teman
1728 3943 1796 3996 ante

76 4042 235 4107 Praelatio,
246 4041 279 4098 Te
289 4041 408 4115 auidam,
419 4041 542 4109 Durriae,
552 4045 631 4101 <torni
640 4049 760 4117 tempore
774 4061 780 4100 :
795 4061 827 4101 so
837 4045 915 4102 Com·
971 4042 1179 4098 escensionem
1197 4039 1311 4096 Domini
1328 4035 1408 4094 nullo
1424 4036 1510 4092 modo
1525 4031 1688 4089 differatur.

76 4120 277 4197 'monitantem
288 4141 317 4189 et
331 4135 405 4189 llam
420 4136 510 4203 initur·
520 4134 698 4203 ablutionem,
710 4137 745 4193 ad
763 4144 917 4211 utramque
1006 4131 1094 4188 Porto
1110 4129 1290 4186 hebdomada
1315 4132 1382 4201 post
1397 4125 1598 4198 Septimaniam
1619 4119 1735 4177 Pascha
1752 4118 1795 4176 la·

94 4223 917 4299 missamrepetuntur.Caterisveroaequaatibusdiebus
970 4222 1175 4295 gunturlctas
1201 4218 1387 4290 apostolorum
1411 4216 1440 4271 in
1466 4212 1637 4271 mercatorio.
1662 4211 1696 4266 lit
1723 4206 1795 4267 dum

94 4314 210 4386 quando
221 4312 461 4379 laboramus,una
473 4314 562 4370 missa
572 4316 702 4387 quotidie
714 4318 916 4389 poat'lertism
971 4311 1199 4385 ltaaponaorinm
1217 4310 1319 4383 Dianae
1332 4324 1371 4374 et·
1381 4307 1495 4363 ”Omlnt
1511 4305 1541 4361 ln
1557 4302 1681 4360 ⁰⁰⁰¹⁰⁸l³
1695 4305 1797 4357 mla·

76 4454 79 4462 .
94 4403 338 4463 celebrabiturad
353 4420 441 4476 qnam
456 4403 549 4462 diaria
564 4405 596 4461 ia
605 4406 718 4462 cerchia
734 4408 832 4477 Danaa
841 4425 917 4480 pra-
970 4411 1028 4472 tur,
1047 4402 1120 4458 liber
1135 4401 1311 4473 Apocalypsis
1335 4397 1502 4456 inchoatur.
1525 4398 1596 4450 Cum
1613 4402 1709 4449 autem
1737 4391 1799 4447 lie·

93 4491 172 4548 diota
193 4491 334 4559 Praelatio,
359 4499 388 4549 st
411 4496 657 4564 communicantes,
671 4502 699 4552 et
722 4501 803 4553 lianc
825 4499 918 4572 icitur
932 4484 956 4552 D
971 4492 1157 4565 sponsoriuvn
1174 4490 1205 4547 Si
1221 4491 1321 4547 obiitus
1334 4491 1414 4561 (uero
1429 4485 1472 4542 tai
1492 4485 1641 4556 incipitur,
1658 4480 1796 4553 Epistola

92 4581 255 4637 calamonem
270 4582 401 4654 quotidie
415 4583 557 4639 dicentur.
571 4585 656 4642 Credo
672 4589 701 4641 ia
717 4603 803 4643 anum
817 4592 915 4659 Deum,
973 4580 1124 4639 canonica
1138 4580 1286 4654 legantur.

93 4676 206 4727 tanturn
222 4671 251 4727 in
266 4672 313 4728 dia
328 4671 444 4728 Pascha
460 4675 584 4730 canitur.
1007 4677 1030 4727 Α
1046 4671 1174 4729 Sabbata
1189 4670 1288 4742 prima
1304 4666 1492 4725 hebdomada
1514 4660 1633 4720 Pascha
1649 4657 1794 4731 usquead

128 4760 201 4816 illud
219 4763 363 4818 meritoria
388 4765 667 4837 commendandum,
684 4767 759 4838 quod
783 4766 853 4824 teria
869 4785 917 4826 aa·
969 4764 1091 4819 Octavas
1108 4760 1293 4817 Pentecostes
1315 4772 1373 4813 non
1388 4755 1503 4812 dicatur
1517 4748 1743 4824 Responsorium
1758 4747 1795 4805 ad

91 4852 188 4905 cunda
203 4849 320 4906 Pasoba
333 4852 368 4906 ad
386 4852 587 4909 matutinalem
604 4855 725 4912 missam
738 4872 795 4912 non
809 4856 916 4914 dicitnr
971 4852 1104 4919 missam,
1130 4850 1186 4906 nisi
1202 4865 1253 4922 pro
1278 4845 1424 4904 defunctis
1439 4844 1648 4900 Verumtamen
1674 4837 1795 4912 privatis

91 4938 915 5018 Callaatadediesiautinaliisdiebassequentrbuaquis
969 4942 1073 4999 diebus
1100 4945 1128 4997 et
1153 4941 1188 4995 ad
1220 4934 1408 4994 matutinales
1434 4935 1544 4990 missas
1568 4929 1794 4988 dicatarunum

92 5029 217 5085 collecta
228 5030 257 5085 in
274 5027 320 5085 dic
336 5029 462 5096 Pascha,
473 5040 501 5087 st
515 5031 641 5091 Collecta
655 5033 685 5090 in
702 5035 774 5091 laria
786 5036 915 5094 secunda
968 5032 1101 5099 Alleluia,
1126 5032 1244 5102 excepto
1268 5027 1393 5085 Sabbata
1413 5022 1489 5080 inira
1513 5022 1636 5079 Octavus
1660 5017 1790 5089 Pascha,

93 5116 200 5174 habent
212 5133 299 5174 unam
311 5123 495 5178 sacratamat
505 5120 637 5177 eamdem
654 5127 717 5194 post
728 5123 913 5181 communio·
968 5122 1086 5195 quando
1097 5120 1126 5175 in
1138 5135 1172 5176 eo
1188 5116 1342 5174 duodecim
1361 5113 1528 5172 Lectionum
1540 5111 1680 5167 lestivitaa
1692 5108 1720 5164 in
1732 5123 1791 5179 qua

91 5206 366 5264 nevn.Cateriavero
377 5204 692 5274 diebus,scilioetieria
706 5211 913 5286 tertiaqusrta,
969 5227 1026 5267 non
1042 5209 1210 5265 laboramus
1229 5203 1368 5262 evenerit.
1392 5202 1439 5259 Ad
1455 5202 1582 5273 majores
1607 5212 1672 5255 vero
1688 5195 1794 5254 misses

91 5296 257 5355 admissam
270 5294 472 5351 matutinalem
485 5297 801 5368 primacollaotasitde
815 5319 913 5360 resur·
967 5300 1026 5357 duo
1043 5298 1178 5355 dieantur
1192 5294 1325 5352 Attaleia.

91 5388 237 5444 rectione:
261 5392 290 5441 st
304 5383 435 5441 secunda
449 5385 485 5441 de
511 5384 576 5459 ipsa
591 5389 648 5445 die.
666 5393 755 5448 Porro
771 5409 830 5450 una
850 5393 914 5452 sola
1247 5383 1364 5443 CAPUT
1383 5381 1513 5440 thlttl.

91 5477 181 5534 missa
195 5475 287 5530 tribus
301 5474 405 5530 diebus
426 5478 617 5547 sequentibus
632 5479 844 5539 celebrabitur:
862 5500 914 5556 par
1247 5479 1284 5534 De
1301 5476 1505 5546 aoeattcattra.

90 5573 149 5626 tres
164 5567 227 5622 dies
240 5563 312 5621 istos
326 5567 393 5636 past
411 5564 537 5636 primam
553 5566 709 5627 Golleotam
724 5570 761 5629 de
781 5569 854 5630 laria
867 5572 912 5632 di·
1001 5575 1071 5631 Post
1078 5568 1205 5631 'lantiam
1217 5568 1248 5627 in
1257 5566 1360 5626 diebus
1371 5565 1565 5640 Rogatianum
1580 5560 1697 5637 paleato
1706 5561 1792 5636 signo
