3788 6000
128 238 210 303 itas
634 228 665 292 S.
687 229 922 295 substitutis
942 232 1072 296 ABBAS
1095 232 1270 297 dissultu.
1292 233 1336 295 111
1770 231 1852 297 itas

128 368 238 429 liniens
252 366 371 423 calicem
387 365 467 421 intua
482 380 569 435 aquo,
585 363 850 435 ministretpanem
866 380 956 438 super
969 369 995 436 Α
1019 381 1084 423 sum
1101 366 1249 425 osculetur
1264 369 1332 439 poet
1346 365 1538 436 sacerdotem,
1553 370 1584 424 et
1601 364 1737 424 clausum
1754 385 1849 443 super

130 465 265 533 patenam
280 462 309 514 et
324 457 423 513 sinum
440 455 469 511 in
480 453 760 523 calioo,subdracouo
772 456 798 511 ai
814 454 959 515 submiui.
1013 455 1180 529 analogium
1196 457 1253 513 sub
1270 455 1344 529 palia
1358 457 1639 529 reponat.Sacerdos
1652 473 1721 515 vero
1732 464 1801 529 post
1812 459 1846 515 li·

128 552 252 607 attente.
1013 561 1078 602 nem
1093 545 1240 616 Evangelii
1251 548 1380 603 reterens
1391 545 1504 602 vultum
1517 546 1552 602 ad
1564 546 1664 614 uitare,
1677 548 1791 605 ibidem
1802 549 1846 606 iu·

164 635 199 693 ut
213 635 374 694 nomadum
391 634 461 707 quia
480 633 541 691 sive
555 633 708 702 diaeonus,
723 632 783 691 aive
798 633 956 692 subdiaco·
1012 637 1099 709 ciprat
1114 637 1247 694 Dominae
1262 638 1413 704 vobiscum,
1429 638 1474 692 vel
1491 636 1575 694 Credo
1589 639 1621 693 in
1632 655 1720 695 anam
1739 641 1840 699 Deum.

126 723 956 798 nussitquiministrat,priusvinuminlundat,deinde
1011 725 1131 782 Interim
1148 728 1300 783 veredum
1317 727 1447 786 Gredoira
1466 743 1555 783 anum
1575 728 1662 783 Deam
1691 729 1844 787 dicituro

123 815 357 889 ampullamcum
369 811 830 886 aquasacerdotitradatquando
841 813 955 869 eumvi·
1010 821 1164 882 conventu,
1181 815 1278 872 stetin
1294 816 1394 873 codam
1411 817 1473 872 loco
1488 817 1580 873 donec
1595 816 1646 872 ilio
1663 820 1841 875 oantotodi-

127 907 203 965 derit
213 904 307 977 magis
317 904 533 977 expeditum,st
544 901 679 959 sacerdos
690 903 957 975 aqueorinealicem
1010 908 1056 959 cat
1071 904 1206 961 Dominus
1220 905 1370 971 uobiscum,
1387 910 1416 961 st
1434 907 1561 965 cremas.
1586 905 1697 964 Deinde
1719 924 1841 964 suruens

125 995 248 1054 fundat:
265 992 371 1050 deiude
382 993 477 1066 posita
490 998 594 1066 patena
609 992 839 1066 supercalicem,
854 1010 956 1066 coope-
1009 989 1119 1048 librum
1137 999 1227 1067 ponat
1239 994 1274 1051 ad
1291 994 1447 1050 sinistrum
1461 1011 1563 1052 cornu.
1581 997 1729 1054 Diaconos
1745 1003 1837 1054 autem

15 1130 19 1137 .
124 1084 181 1143 aiat
195 1100 258 1142 sam
275 1085 311 1140 de
326 1083 490 1141 offertorio:
509 1087 609 1155 postea
624 1083 782 1138 descendat
793 1082 848 1138 sub
860 1084 953 1154 gradu
1009 1088 1073 1154 post
1084 1084 1273 1158 Drangrlium
1284 1083 1417 1157 displicet
1427 1084 1576 1159 corporale
1587 1086 1700 1143 babens
1711 1093 1774 1143 tres
1785 1088 1837 1160 pli-

126 1173 227 1232 altaris
241 1174 271 1231 ln
286 1174 404 1231 dextera
420 1177 509 1246 parta.
528 1171 608 1236 Quod
622 1172 646 1228 si
658 1171 794 1228 sacerdos
806 1172 877 1228 dum
889 1172 951 1227 dia·
1008 1176 1092 1230 catus
1105 1172 1135 1229 iu
1153 1173 1246 1231 latum
1261 1177 1291 1231 ei
1305 1181 1429 1247 quatuor
1444 1175 1473 1231 in
1484 1176 1615 1249 longum,
1627 1177 1760 1233 medium
1774 1177 1836 1233 lati-

125 1279 215 1321 conus
230 1262 442 1320 ministraverit
456 1261 562 1316 dixerit
576 1259 670 1317 Gloria
695 1259 726 1315 in
749 1259 865 1316 eccelsia
888 1261 952 1333 Deo,
1010 1261 1122 1318 tudinis
1138 1280 1252 1334 ponens
1265 1262 1296 1320 iu
1306 1264 1402 1321 medio
1413 1264 1523 1321 aitaris.
1534 1268 1568 1321 Et
1580 1264 1678 1321 statim
1690 1272 1758 1337 post
1768 1267 1834 1325 Ora·

121 1353 168 1412 val
182 1355 314 1413 nomines
328 1354 466 1409 colurum
482 1393 491 1421 ,
506 1351 704 1409 intermittens
720 1350 890 1406 ministrare
906 1355 953 1408 eat
1008 1369 1070 1409 maa
1089 1395 1096 1420 ,
1116 1355 1223 1425 opertis
1239 1354 1377 1410 manibus
1391 1355 1427 1410 de
1443 1354 1587 1411 offertorio
1597 1359 1705 1411 teneus
1715 1357 1835 1412 sinistra

121 1449 188 1518 post
203 1445 403 1501 sacerdotem:
418 1442 493 1515 quod
506 1443 530 1497 sl
542 1441 636 1497 Gloria
651 1443 682 1497 ia
696 1441 812 1498 eccelsia
828 1445 892 1508 Deo,
905 1441 951 1497 di·
1007 1459 1096 1499 manu
1113 1445 1214 1517 padam
1231 1444 1342 1511 calicis,
1358 1445 1458 1501 dextra
1473 1449 1571 1500 autem
1588 1450 1725 1516 patenam
1735 1446 1835 1503 offerat

121 1535 209 1605 citur,
222 1533 300 1590 dicto
316 1532 366 1588 illo
381 1532 507 1588 breviter
522 1531 645 1587 inclinet
667 1535 697 1587 et
723 1531 766 1587 sio
791 1536 952 1588 revertatur
1006 1534 1245 1591 sacerdotisimul
1259 1540 1427 1606 utrumque,
1437 1551 1557 1590 manum
1569 1536 1632 1606 ejus
1643 1534 1739 1591 semel
1750 1552 1831 1591 oseu-

121 1622 302 1682 ministrare.
319 1626 386 1678 P⁰⁸l
403 1620 536 1679 Domitius
550 1620 696 1687 vobiscum.
714 1619 813 1676 trahat
826 1619 852 1675 si
870 1636 950 1677 rave·
1005 1622 1081 1680 lans.
1096 1625 1237 1681 Sacerdos
1253 1624 1341 1681 simul
1358 1630 1516 1698 utrumque
1530 1640 1699 1691 assumens,
1709 1627 1832 1699 deponat

122 1717 221 1770 neuter
236 1713 373 1769 deorsum
392 1711 522 1768 medium
533 1709 640 1768 casule
651 1710 707 1782 tii)
718 1726 726 1767 :
737 1718 764 1766 et
776 1714 844 1766 tunc
856 1710 950 1766 diver·
966 1714 1088 1830 Bjuata
1104 1713 1251 1788 corporole
1266 1714 1305 1770 ad
1319 1716 1467 1771 dexteram
1484 1721 1607 1786 partem,
1622 1714 1833 1787 relinquensea

120 1805 187 1860 taus
202 1801 231 1860 iu
244 1800 340 1860 locum
350 1815 437 1858 suum
447 1800 568 1857 inclinet
580 1817 623 1868 ss,
634 1807 662 1857 et
674 1799 874 1857 subdiaconus
886 1804 951 1872 post
1006 1803 1127 1859 ciacono
1136 1806 1375 1877 praeparandam
1385 1808 1486 1876 postea
1496 1803 1628 1860 trabales
1639 1804 1677 1860 ad
1687 1804 1834 1860 sinistrum

121 1907 200 1949 eum.
217 1893 297 1960 Quod
313 1890 338 1949 si
353 1897 465 1948 restant
484 1891 545 1946 alia
554 1889 697 1959 collecte,
709 1890 829 1946 redeant
844 1889 880 1945 ad
897 1888 951 1945 mi-
1004 1908 1093 1948 cornu
1109 1893 1222 1961 altaris,
1235 1893 1343 1950 ibidem
1354 1893 1620 1949 consistensdonec
1632 1894 1752 1966 recipiet
1764 1895 1831 1950 thu·

122 1981 311 2040 uietrandum
323 1982 400 2056 quod
415 1985 515 2037 restat.
529 1982 590 2047 Quo
603 1979 759 2053 completo,
768 1983 949 2035 revertantur
1001 1981 1131 2037 ribulum
1148 1983 1183 2036 ad
1201 1982 1430 2038 thuridcandum
1446 1980 1578 2037 calicem.
1594 1981 1743 2038 Diaconos
1764 1997 1828 2040 vero

118 2071 168 2127 ubi
186 2071 266 2143 prius
280 2075 430 2140 steterant,
448 2087 505 2126 nou
522 2075 620 2125 tamen
637 2069 822 2134 inminentes,
838 2067 896 2123 nisi
913 2066 948 2122 ad
1002 2069 1097 2141 posito
1114 2070 1260 2127 offertorio
1276 2071 1469 2142 superabere
1485 2075 1573 2143 ponat
1596 2070 1718 2127 calicem
1742 2088 1828 2144 super

120 2160 244 2234 primam
258 2160 412 2218 collectam
429 2160 472 2216 :si
489 2164 584 2216 autem
601 2158 684 2215 nulia
704 2157 831 2214 collecta
845 2173 948 2229 supar-
1003 2160 1154 2233 corporale
1169 2162 1198 2215 in
1215 2163 1344 2216 secundo
1355 2162 1462 2233 plicatu
1474 2160 1638 2228 anterioris,
1664 2168 1694 2217 et
1706 2163 1830 2219 sinistre

119 2246 425 2314 luerit,subdiaconus
436 2247 698 2320 descendatlegere
711 2248 870 2320 Epistulam
882 2252 948 2304 ento
1004 2251 1171 2322 dextraeque
1188 2252 1288 2322 partis,
1299 2257 1327 2306 et
1338 2267 1441 2322 pionem
1455 2256 1522 2306 ante
1532 2251 1666 2318 calicem,
1678 2251 1826 2308 resolvens

93 2334 104 2409 l
121 2338 246 2412 gradum
263 2337 435 2412 presbyterii
452 2344 553 2394 contra
574 2338 701 2393 medium
728 2336 841 2403 altaris,
865 2352 948 2393 versa
1004 2356 1170 2413 supereum
1182 2341 1431 2414 corporale.Quod
1447 2342 1470 2397 si
1484 2342 1582 2414 plures
1595 2341 1697 2398 hostias
1710 2344 1825 2411 luerint,

122 2428 196 2485 lacis
211 2428 247 2485 ad
261 2429 358 2501 ipsum
370 2429 473 2499 altare,
487 2427 633 2484 inclinans
645 2427 816 2499 priusquam
826 2426 948 2499 incipiat
1001 2446 1090 2486 unam
1108 2431 1277 2504 separatim,
1295 2430 1368 2487 alias
1383 2430 1505 2487 insimul
1521 2432 1637 2487 mittat:
1653 2432 1763 2488 deindo
1780 2448 1820 2488 re-

118 2515 225 2589 legere,
237 2524 265 2573 et
279 2521 438 2590 postquam
450 2516 561 2589 legerit.
575 2516 630 2583 Qui
641 2517 666 2572 si
679 2516 751 2571 lorto
763 2515 792 2572 in
805 2515 869 2586 ipsa
880 2514 946 2588 lipi-
1001 2523 1098 2592 portet
1114 2523 1249 2592 patenam
1265 2526 1295 2576 et
1308 2520 1488 2577 offertorium
1505 2536 1594 2594 super
1615 2521 1822 2578 ministerium.

121 2604 197 2663 stola
205 2605 355 2674 erraverit,
368 2605 494 2676 perlecta
508 2605 635 2678 Epistola
646 2604 809 2661 satislaoiat
819 2603 944 2660 ibidem:
999 2607 1118 2663 iuterim
1135 2608 1204 2664 dum
1221 2607 1283 2664 boec
1299 2615 1428 2681 aguntur
1444 2626 1460 2664 a
1475 2609 1624 2665 sacerdote
1638 2612 1668 2665 et
1689 2609 1821 2678 diacono,

119 2694 312 2768 priuatamen
323 2696 417 2768 posito
428 2694 502 2751 libro
513 2712 601 2768 super
613 2695 748 2762 lormam,
761 2710 873 2767 ponens
883 2710 944 2751 ma·
997 2711 1075 2751 tinus
1092 2696 1294 2752 ministrorum
1312 2699 1398 2768 eujus
1415 2697 1544 2753 oldcium
1556 2701 1612 2759 est.
1623 2701 1721 2753 teneat
1732 2697 1823 2754 thnri-

118 2801 175 2843 nns
190 2784 227 2842 ad
242 2794 348 2842 terram
365 2784 419 2841 sub
435 2786 525 2857 gradu
536 2801 626 2858 super
639 2783 735 2839 albam
748 2784 812 2840 siue
823 2783 945 2839 flexione
996 2784 1099 2841 bulum
1116 2790 1183 2842 eote
1197 2786 1334 2842 abbatem
1349 2786 1394 2842 rel
1410 2790 1478 2842 aute
1493 2786 1676 2842 sacerdotem
1692 2785 1718 2841 si
1734 2786 1822 2843 abbas

120 2890 240 2948 genum,
257 2879 316 2930 tam
334 2873 417 2931 iestis
433 2875 536 2930 diebus
553 2889 640 2947 quam
664 2873 792 2946 privatis.
823 2872 942 2930 interim
996 2874 1086 2940 deest,
1103 2875 1282 2931 subdiacono
1298 2875 1451 2932 incensum
1471 2877 1597 2931 tenente.
1613 2874 1709 2932 Posito
1729 2877 1823 2948 itaquo

118 2964 255 3023 sacerdos
271 2980 364 3036 usque
380 2964 415 3021 ad
433 2962 619 3036 Drangelium
637 2963 738 3019 sedere
753 2971 780 3018 et
791 2962 820 3017 in
832 2960 943 3019 biissoli
995 2963 1115 3019 incenso
1132 2966 1160 3019 in
1177 2964 1339 3034 thuribulo,
1356 2965 1407 3037 qui
1423 2965 1607 3021 thuribulum
1622 2968 1703 3022 tenet
1722 2967 1822 3022 olierat

119 3054 216 3128 legera
228 3061 332 3128 potest,
348 3060 377 3111 et
392 3055 532 3111 diaconos
547 3056 582 3109 ad
600 3058 703 3110 nutum
719 3053 782 3123 ejus
794 3054 905 3114 sedere,
917 3058 943 3108 et
997 3052 1069 3109 illud
1086 3054 1228 3110 sacerdoti
1244 3053 1379 3111 osculans
1396 3056 1421 3110 ei
1439 3071 1567 3111 manum.
1584 3055 1665 3120 Quod
1683 3057 1818 3112 sacerdos

8 3190 11 3195 .
112 3144 144 3201 in
154 3149 235 3203 textu
245 3145 341 3218 legere
352 3144 375 3200 si
389 3144 520 3201 voluerit.
533 3143 661 3200 Perlocta
675 3142 940 3215 Epistolasubdia·
953 3126 976 3189 C
991 3143 1304 3216 accipiens‚tburidcei
1316 3144 1435 3201 calicem
1445 3145 1500 3201 isto
1511 3145 1606 3201 modo.
1616 3144 1713 3200 Semel
1726 3144 1819 3200 volvat

115 3249 208 3292 conus
222 3236 322 3292 sedeat
332 3236 419 3305 Juxta
434 3233 601 3298 diaconum,
618 3242 667 3288 aut
692 3236 739 3288 eat
762 3232 792 3287 in
815 3233 936 3288 chorum
991 3230 1388 3303 illudeircacalicem,semol
1400 3233 1705 3290 tburrdcetdexteram
1716 3239 1821 3306 partem

112 3331 228 3381 cantare
240 3340 307 3380 curn
324 3322 389 3378 aliis
403 3322 428 3376 si
443 3338 561 3378 necesse
577 3321 684 3377 luerit:
700 3321 777 3393 quod
794 3321 818 3376 si
839 3336 937 3376 serer-
992 3321 1093 3379 aitaris
1108 3323 1245 3395 desuper,
1261 3323 1350 3380 semel
1366 3327 1394 3379 et
1413 3324 1577 3392 sinistram,
1593 3323 1685 3380 semel
1700 3338 1816 3396 quoque

114 3412 168 3469 dos
183 3412 302 3477 sederit,
314 3416 342 3467 et
357 3411 497 3466 diaeonus
509 3410 665 3482 praevidere
681 3410 869 3481 drongarium
887 3427 937 3466 vo·
991 3412 1177 3468 anteriorem·
1195 3414 1275 3479 Quod
1292 3412 1363 3469 dum
1380 3413 1489 3479 iecerit,
1503 3413 1647 3468 diaconus
1659 3419 1750 3485 ponat
1761 3429 1817 3468 ma·

114 3497 211 3564 luerit,
227 3515 317 3571 super
331 3498 496 3571 analogium
514 3498 681 3570 prevideat.
990 3518 1061 3557 num
1077 3517 1161 3557 suam
1178 3504 1234 3557 sub
1249 3503 1339 3559 asella
1355 3503 1448 3575 ipsios
1465 3507 1569 3559 tenens
1585 3501 1610 3557 ei
1631 3505 1763 3558 casulam
1790 3505 1819 3557 ut

149 3588 221 3645 Cum
237 3595 335 3644 autom
353 3586 441 3642 luerit
455 3587 526 3643 bora
540 3587 654 3660 legendi
671 3586 857 3660 Evangelium
870 3605 936 3645 sur·
990 3591 1153 3663 expeditius
1170 3592 1263 3663 possit
1277 3609 1370 3658 apere.
1388 3593 1449 3658 Quo
1465 3591 1550 3661 lacto,
1565 3591 1669 3647 reddat
1680 3591 1817 3648 thuribu-

112 3681 192 3751 gaut,
208 3684 235 3733 et
250 3676 386 3733 sacerdos
402 3676 501 3732 redeat
516 3676 552 3732 ad
568 3676 702 3732 dextrum
719 3692 808 3733 cornu
834 3678 934 3734 altaris
989 3677 1050 3735 lum
1063 3680 1195 3736 diacono.
1208 3679 1435 3736 Deindeablutis
1446 3680 1545 3753 digitis
1555 3696 1643 3752 aqua,
1654 3680 1710 3736 sibi
1721 3698 1740 3736 a
1751 3680 1817 3737 sob-

108 3781 311 3840 superponens
321 3764 447 3823 biissalc.
464 3765 611 3823 Diaconos
622 3781 688 3821 vero
700 3782 812 3837 ponens
824 3771 934 3823 textum
988 3769 1110 3825 diacono
1124 3771 1159 3826 de
1174 3768 1304 3841 ampulla
1319 3769 1398 3835 data,
1413 3775 1442 3823 at
1455 3768 1485 3824 in
1501 3768 1574 3840 pelvi
1586 3770 1621 3824 ad
1639 3770 1694 3825 boc
1706 3785 1814 3843 prospa-

107 3873 197 3931 supor
210 3856 376 3929 analogium
393 3860 487 3912 vertat
503 3871 534 3912 se
550 3856 584 3911 ad
609 3856 757 3920 abbatam,
783 3854 936 3911 buruilitor
987 3864 1050 3914 rata
1065 3864 1190 3930 recepta,
1207 3864 1235 3914 st
1250 3858 1336 3914 tersis
1351 3860 1385 3912 ad
1406 3857 1527 3913 linteam
1550 3858 1585 3914 ad
1609 3857 1665 3913 boo
1691 3858 1812 3932 deputa·

105 3953 212 4020 petens
228 3946 458 4003 benedictionem
476 3947 532 4001 sub
548 3944 666 4001 silentio
683 3945 931 4013 dissuadendis,
986 3952 1060 4016 tum,
1079 3948 1215 4004 incurvus
1231 3953 1298 4002 anta
1315 3946 1405 4002 altare
1421 3946 1504 4001 iaciat
1520 3944 1694 4002 orationem.
1712 3948 1813 4004 Diaco-

100 4037 171 4108 y'abe
187 4035 356 4102 benedicere,
372 4034 433 4092 sive
449 4035 484 4092 ad
502 4034 682 4090 sacerdotem
694 4035 717 4090 si
732 4034 822 4090 abbas
834 4036 932 4091 delue-
987 4054 1043 4092 nus
1058 4042 1157 4094 autem
1173 4036 1322 4093 thurillcot
1337 4037 1419 4109 prius
1434 4037 1581 4092 dexteram
1594 4042 1713 4108 partem
1726 4038 1815 4110 ipsius

104 4124 143 4181 rit
154 4141 163 4193 ς
175 4125 210 4180 ad
227 4142 314 4196 quem
331 4124 467 4181 sacerdos
480 4140 651 4189 convorsus,
664 4124 743 4180 dicat
757 4124 830 4179 banc
845 4125 933 4181 bene·
985 4127 1086 4183 altaris
1098 4127 1141 4183 bis
1151 4127 1259 4183 datoris
1272 4147 1279 4195 ;
1292 4126 1397 4182 deiude
1408 4125 1524 4182 elevans
1536 4142 1658 4180 manum
1668 4125 1816 4183 thurificet

102 4213 280 4273 dictionem:
296 4214 428 4272 Dominus
444 4217 483 4271 ait
498 4214 529 4271 in
543 4215 622 4271 eorde
645 4224 672 4272 et
698 4217 726 4271 in
751 4232 799 4272 ore
823 4225 879 4285 tao,
901 4222 932 4273 ol
984 4215 1030 4272 bis
1047 4232 1175 4288 crucem,
1191 4221 1221 4272 et
1235 4216 1303 4272 inde
1320 4215 1467 4271 transiens
1480 4224 1616 4288 perretro
1627 4213 1721 4271 altare
1734 4217 1814 4272 adsi·

99 4306 343 4382 dipacorraaaties
357 4307 543 4376 Euoapelium
557 4306 667 4362 Citridi.
684 4308 835 4374 Ouadata,
848 4309 931 4365 redu·
984 4306 1107 4362 uistrom
1125 4310 1235 4376 partem
1252 4304 1401 4361 thurilicet
1416 4320 1492 4371 earn,
1504 4302 1641 4360 similiter
1649 4309 1813 4361 storacem.

98 4401 156 4467 cat,
172 4397 286 4454 vultum
303 4413 390 4454 suum
408 4397 443 4451 ad
461 4396 554 4451 altare
569 4396 646 4450 sicut
660 4401 724 4451 crat
739 4397 830 4466 prius,
847 4397 887 4452 ita
898 4415 929 4453 sa
983 4395 1094 4451 Deinde
1110 4396 1211 4452 reddat
1227 4393 1410 4450 thuribulum
1422 4393 1663 4466 subdiacouoqui
1678 4401 1772 4464 ponat
1781 4393 1812 4451 il·

97 4488 210 4546 babens
225 4504 318 4561 usque
334 4492 400 4560 post
415 4486 510 4543 Gloria
522 4485 584 4551 tibi,
602 4486 727 4541 Domine.
744 4487 826 4552 Quod
852 4486 923 4544 dum
942 4496 964 4564 [J
984 4484 1033 4540 lud
1047 4481 1812 4558 ubipouisolet.1pseautemrelroredeatsubgrado

98 4578 204 4637 dicitur
219 4578 325 4652 signet,
336 4582 365 4634 et
379 4581 529 4633 convertet
540 4576 642 4631 faeiem
654 4591 740 4631 suam
757 4576 791 4630 ad
806 4576 928 4650 livingo·
983 4573 1083 4629 aitaris
1100 4573 1129 4629 iu
1145 4574 1246 4630 dextra
1263 4578 1354 4646 parte,
1367 4578 1398 4628 ut
1412 4588 1479 4628 cum
1493 4572 1630 4628 sacerdos
1644 4588 1676 4627 ae
1691 4575 1814 4631 verterit

96 4665 169 4725 llum
180 4675 338 4724 stanacum
350 4674 486 4724 tremore.
497 4665 643 4722 Diaconos
653 4671 868 4737 vero,accepta,
878 4668 927 4722 be·
982 4661 1018 4719 ad
1034 4663 1155 4719 chorum
1171 4663 1271 4718 dicans
1287 4678 1293 4717 :
1309 4664 1404 4733 Orate,
1415 4665 1534 4734 tratres,
1548 4675 1602 4733 pro
1612 4677 1668 4728 me,
1680 4663 1812 4719 trebatei

96 4758 273 4826 nediotioue,
288 4761 380 4813 vertat
396 4773 426 4813 sa
443 4757 479 4812 ad
503 4755 620 4811 librum.
638 4754 691 4822 Qui
716 4771 783 4809 oum
809 4756 924 4827 dixerit,
980 4751 1117 4807 deorsum
1132 4750 1254 4808 mediam
1268 4749 1494 4807 coaeternitate
1509 4749 1684 4822 supplicans
1696 4751 1725 4807 ei
1738 4769 1813 4809 sece-

94 4847 243 4921 Seprtcalio
256 4848 346 4904 auerti
365 4846 519 4918 Euorrpelil,
540 4846 637 4918 signet
662 4861 693 4901 se
717 4846 793 4900 siout
815 4846 863 4900 alii
893 4862 924 4903 se
979 4841 1070 4896 datin
1086 4840 1183 4897 locum
1199 4856 1297 4909 suum,
1314 4840 1363 4895 ubi
1380 4844 1435 4895 stet
1452 4840 1543 4894 donec
1569 4841 1710 4899 sacerdos
1736 4840 1812 4898 dicat

92 4937 214 5010 signant
228 4936 463 5010 quaudodicitur
478 4934 571 4990 Gloria
581 4935 644 5002 tili,
657 4934 778 4990 Domine.
795 4932 923 4993 Perlecio
979 4936 1032 4987 l’er
1046 4929 1145 4987 cornio
1159 4928 1263 4987 seculo
1285 4927 1463 4985 sanderum.
1490 4927 1543 4995 Qui
1570 4933 1710 4985 sacerdos
1735 4932 1810 4987 dieto

92 5033 191 5085 autem
208 5028 373 5101 Evangelio,
382 5028 406 5083 si
423 5026 496 5082 ioris
507 5026 645 5082 erraverit
656 5024 685 5080 iu
698 5026 771 5096 ipso,
784 5031 876 5080 vertat
890 5043 922 5083 ss
975 5024 1067 5087 orare,
1083 5023 1199 5092 fratrea,
1213 5018 1406 5087 mediocriter,
1421 5024 1452 5074 ut
1464 5017 1555 5090 possit
1568 5016 1677 5087 audiri,
1690 5020 1810 5076 redueat

89 5117 281 5177 adorientem
297 5116 480 5173 satisfaciens
494 5131 526 5172 co
542 5116 696 5186 modoque
710 5113 919 5181 subdiaconus,
974 5111 1087 5166 vultum
1104 5111 1139 5165 ad
1156 5108 1246 5165 altare
1261 5108 1363 5165 cadem
1380 5114 1460 5181 parte
1475 5123 1535 5179 qua
1548 5122 1581 5163 se
1594 5106 1683 5163 vertit
1693 5110 1731 5165 ad
1745 5110 1810 5167 obo-

90 5203 198 5263 Dsinde
213 5204 375 5261 inclinatos
388 5219 491 5260 versus
501 5202 655 5258 orientem.
668 5202 772 5256 Postea
785 5200 857 5256 ierat
882 5199 919 5256 li·
974 5217 1050 5256 rum.
1068 5199 1171 5255 Postea
1187 5199 1283 5254 trabat
1298 5213 1329 5254 se
1344 5197 1378 5253 ad
1395 5196 1502 5253 librum
1519 5196 1570 5269 qui
1584 5202 1630 5253 est
1642 5197 1672 5254 in
1687 5198 1809 5256 sinistro

88 5291 175 5371 baum
190 5299 324 5368 apertum
337 5293 483 5351 sacerdoti
495 5293 529 5348 ad
541 5290 749 5360 osculandum,
759 5291 918 5347 osteudens
973 5307 1063 5346 cornu
1077 5290 1176 5344 dicens
1191 5291 1243 5344 sub
1255 5288 1371 5344 silentio
1382 5286 1504 5355 Oramus,
1517 5288 1554 5340 ad
1566 5285 1695 5358 primaru
1706 5291 1809 5346 Secre-

86 5382 113 5440 ai
127 5384 218 5457 digito
234 5384 352 5442 initium
366 5380 511 5455 Drangelii
527 5382 603 5454 quod
615 5378 685 5452 legit
700 5397 707 5436 :
720 5395 809 5451 quem
821 5385 849 5436 et
873 5378 917 5452 ip·
972 5383 1032 5436 tarn
1048 5384 1077 5435 et
1091 5380 1126 5434 ad
1143 5379 1305 5435 secundum
1322 5378 1346 5433 si
1364 5393 1422 5433 una
1438 5376 1480 5432 ael
1502 5372 1604 5448 pluias
1629 5385 1808 5450 sequuntur.

123 5572 182 5653 (ii)
196 5574 315 5637 Mediam
327 5578 437 5649 corula,
455 5576 567 5634 scilicet
589 5579 702 5649 partam
728 5575 916 5635 anteriorem.
