3788 6000
60 104 120 168 aar
275 85 278 88 ’
701 103 1008 169 eancneutoans
1028 105 1117 169 ern.
1704 116 1765 179 aar

58 235 181 305 dederit,
198 235 302 293 missae
318 235 500 310 psalmosque
531 238 666 297 fratribus
677 241 738 297 suis
746 240 889 297 defunctis
903 243 930 310 Α
944 241 1070 298 ctionem
1084 255 1134 311 per
1158 240 1253 297 omnia
1268 238 1330 297 loca
1343 247 1439 299 nostra
1462 242 1525 300 fieri
1539 245 1719 318 mandamus,
1735 255 1766 305 ut

59 326 188 382 hilariter
203 326 379 397 persolvent,
405 338 614 400 quatenusper
638 330 889 401 ignorantiamrol
942 329 1239 386 scilieetabbatesvel
1265 329 1374 400 priores
1402 346 1452 387 eeu
1481 332 1581 390 decani
1611 334 1764 407 diligenter

58 416 264 487 negligentiam
281 417 330 472 dcl
341 419 428 474 metis
453 434 623 488 perannum
649 420 783 475 fratribus
794 418 888 474 reddi·
942 421 1106 489 provideant
1122 418 1424 490 qualiterprosingulis
1440 420 1573 479 fratribus
1588 439 1765 494 quossecum

60 511 121 560 tum
138 521 195 562 non
213 506 308 571 fucrit,
325 514 414 562 toturn
431 509 464 562 ud
495 509 609 564 landem
629 509 676 565 [lei
692 522 889 578 recompensa·
941 507 972 562 in
989 508 1058 563 loeis
1072 509 1130 564 suis
1146 508 1297 564 habuerim
1312 509 1402 565 tribus
1413 511 1583 582 pauperibus
1594 515 1708 571 refectio
1723 532 1765 573 se·

59 595 197 661 tur.Quod
214 601 243 650 ul
258 596 386 652 (teretius
402 597 546 667 complere
563 599 889 667 sarapanqadjunxtrnua
941 601 1069 651 cundum
1086 598 1256 667 temporiset
1270 598 1569 670 loeiopportunitatem
1588 602 1763 661 exhibeatur.
1844 587 1847 591 ⁵

59 685 127 740 buic
142 687 348 742 misericordie
363 698 492 757 parantes
506 696 532 744 et
548 689 775 759 consanguineos
791 687 889 744 defun·
940 684 1027 754 anus
1043 685 1244 741 misericordie
1258 688 1485 745 constitutionon
1497 688 1554 745 illis
1565 692 1657 761 grauis
1670 696 1764 749 ridea-

61 775 268 831 etusomnium
290 777 406 833 fratrum
425 786 598 845 nostrorum,
626 786 740 835 orantes
769 780 889 833 utbous
941 781 996 841 tur,
1013 788 1096 844 quum
1112 774 1240 830 Christus
1255 776 1347 845 lesus,
1362 778 1408 848 qui
1434 778 1561 849 seipsum
1590 797 1641 851 pro
1667 790 1763 837 nostra

58 863 242 935 pinnipotens
253 866 353 921 horum
366 875 392 921 et
408 875 572 923 caeterorum
585 869 721 925 bonorum
738 882 888 935 congrega·
940 863 1015 918 dedit
1033 863 1134 931 salute,
1150 863 1229 920 hoca
1243 864 1323 920 nobis
1338 866 1416 936 quasi
1433 869 1578 939 proprium
1605 869 1701 940 erigit,
1733 874 1764 926 ut

65 954 153 1009 tionis
169 961 273 1009 nostrae
299 956 450 1026 participes
465 973 513 1012 eos
526 957 617 1012 faeiat.
649 958 740 1012 Prima
758 973 822 1011 raro
838 970 888 1026 pro
940 951 963 1006 ai
979 967 1043 1006 earn
1062 951 1229 1021 placabilem
1248 953 1349 1010 habero
1360 956 1500 1023 retornus,
1511 957 1539 1012 in
1556 958 1764 1028 pauperibuset

60 1044 194 1099 fretrihus
212 1043 302 1100 oratio
318 1044 429 1101 dicatur
446 1062 452 1098 :
471 1047 543 1102 Deus
568 1048 654 1101 tranire
679 1047 796 1117 turpiter
816 1063 823 1113 ;
840 1060 886 1100 ae·
940 1042 1037 1111 egenis
1053 1041 1133 1097 illum
1148 1042 1321 1099 reficiamus·
1334 1044 1425 1099 [dilus
1441 1046 1525 1101 ellim
1541 1055 1637 1104 ⁰0³1&
1651 1064 1764 1119 semite?

58 1147 155 1189 cun-ra
184 1148 234 1202 pro
261 1134 432 1190 sororibus:
456 1136 628 1203 Quoesumar,
659 1136 788 1201 flamiam
806 1135 887 1189 tertia
941 1130 1437 1192 Deomiserantobenissenctorum
1449 1138 1764 1197 Patruminstitutionl·

58 1222 289 1292 pfoquemjhus
318 1224 467 1288 :taetrae
492 1223 615 1279 Domine.
646 1225 764 1290 Quando
791 1230 886 1278 autern
941 1219 1091 1276 buscrerit
1110 1221 1139 1276 in
1157 1223 1760 1299 melius.ipsideniquofratreaetadspl·

58 1310 155 1376 uigilia
167 1311 301 1366 acciderit
316 1312 362 1368 die
376 1313 597 1380 Dominice‚f1at
614 1313 674 1369 hec
689 1313 886 1369 defunctorum
941 1308 1043 1365 rituale
1058 1313 1087 1366 el
1101 1311 1135 1364 ad
1153 1312 1309 1382 temporale
1323 1313 1449 1370 officium
1479 1316 1667 1386 promptiores
1681 1323 1762 1373 erunt

57 1400 177 1455 fratrum
207 1398 358 1456 celebritas
388 1402 559 1472 precedenti
593 1401 714 1457 Sabbata
734 1401 791 1456 sire
816 1401 886 1457 feria
939 1408 1024 1470 utque
1049 1399 1216 1467 devotiores,
1248 1417 1312 1457 cum
1337 1402 1558 1474 recogitaverint
1586 1404 1762 1462 tentamaihl

59 1489 305 1560 sartahdcujus
329 1491 413 1546 etiam
443 1491 631 1547 institutionis
660 1490 887 1548 beneficiumdi·
939 1488 1163 1544 misericordiam
1188 1491 1336 1546 annuatim
1366 1492 1446 1561 qnasi
1472 1507 1506 1548 ex
1531 1491 1626 1548 debito
1654 1493 1762 1564 persol-

57 1593 145 1651 gnum
162 1577 220 1633 fore
245 1580 378 1634 duximus
406 1587 434 1634 nt
452 1581 525 1636 siout
550 1580 652 1636 divine
678 1580 818 1650 majestati
834 1595 885 1649 pro
902 1601 924 1668 B
940 1577 1071 1633 rendam.
1088 1578 1205 1634 Undeet
1223 1594 1326 1649 magne
1341 1581 1396 1635 erit
1409 1579 1532 1637 charitas
1547 1581 1569 1637 si
1584 1580 1703 1639 abbatos
1717 1582 1763 1640 vei

57 1665 257 1722 defunctorum
273 1667 370 1739 requie
391 1669 436 1739 pia
450 1668 697 1739 representahttur
708 1667 883 1737 intercessio,
941 1668 1047 1739 priores
1062 1677 1146 1739 atquo
1161 1669 1262 1725 decani
1276 1670 1328 1726 aub
1344 1670 1396 1728 bac
1410 1671 1536 1740 generali
1552 1673 1691 1729 memoria
1703 1673 1762 1728 ati·
1854 1698 1861 1709 ·

58 1755 96 1812 ita
111 1756 198 1812 etiam
226 1757 298 1815 uiris
322 1760 429 1814 lamed
457 1775 608 1831 corporum
625 1775 710 1831 qnam
726 1759 886 1814 animarum
940 1772 1024 1827 quam
1039 1757 1085 1813 die
1100 1757 1150 1814 illo
1180 1758 1313 1814 fratribus
1327 1759 1387 1815 suis
1410 1760 1562 1829 specialem
1578 1760 1763 1817 «exhibuerint

58 1846 182 1902 satutem
213 1846 336 1903 fraterno
360 1849 541 1919 impendatur
564 1849 766 1905 misericordia.
780 1848 885 1904 Statui-
941 1847 1135 1915 refectionem,
1147 1847 1280 1919 quatinus
1294 1849 1480 1921 diligentibus
1496 1851 1582 1906 Deum
1599 1852 1697 1907 omnia
1713 1866 1761 1907 co·

57 1950 122 1991 mus
145 1934 231 2006 igitur
247 1945 277 1992 ut
300 1952 354 2009 ago
379 1952 430 2008 per
445 1953 491 1993 me
518 1938 608 2008 quoad
623 1939 716 1994 vixero
740 1937 886 2008 nostrique
939 1944 1092 2006 operantur
1107 1936 1136 1992 ln
1152 1936 1470 2009 bonumdgaturigitur
1484 1938 1539 1995 diei
1556 1939 1761 2009 hujusmemo·

63 2040 112 2096 per
128 2024 233 2081 saecula
260 2041 438 2083 successores
453 2028 499 2083 die
514 2026 575 2095 illo,
589 2027 686 2095 vigilia
701 2025 808 2083 scilicet
823 2042 885 2081 om·
940 2026 1069 2090 ria,sicut
1083 2025 1217 2095 diximus,
1234 2025 1263 2082 in
1294 2027 1421 2096 psalmis,
1446 2028 1550 2096 missis,
1573 2027 1761 2099 orationibus,

61 2113 142 2169 nium
157 2123 334 2181 sanctorum,
349 2118 511 2186 generatam
528 2116 679 2173 conventui
704 2116 885 2173 cluniacensi
940 2119 968 2170 et
982 2115 1171 2183 eleemosynis
1183 2132 1190 2180 ;
1203 2118 1235 2169 ut
1251 2119 1306 2170 Deo
1322 2123 1478 2182 annuente,
1490 2117 1658 2187 cunctisque
1671 2116 1760 2173 inter·

59 2200 87 2256 in
102 2202 239 2257 omnibus
263 2203 450 2260 refectionem
473 2204 508 2259 de
524 2212 620 2260 nostre
643 2203 883 2268 administremus,
939 2202 1106 2259 cedentibus
1121 2202 1240 2272 sanctis,
1256 2211 1282 2258 et
1307 2203 1362 2258 viri
1379 2203 1413 2258 ad
1427 2203 1542 2259 beatum
1557 2203 1642 2260 linem
1659 2219 1761 2275 perre-

60 2289 164 2361 dieque
179 2290 375 2363 subsequenti,
391 2292 542 2349 festivitate
566 2292 694 2348 uidelicet
720 2300 883 2349 sanctorum
938 2293 1000 2348 nire
1015 2295 1043 2348 ot
1055 2291 1182 2348 defuncti
1212 2291 1324 2348 eternis
1339 2293 1452 2363 gaudiia
1465 2294 1571 2363 perfrui
1585 2300 1760 2359 mereantur,

57 2382 201 2450 omnium,
218 2397 269 2452 pro
294 2397 465 2452 unoquoque
490 2382 607 2437 fratrum
631 2382 678 2451 qni
705 2380 884 2437 cluniacensi
938 2379 1067 2451 mihique
1078 2379 1219 2451 peccatori
1234 2379 1265 2437 in
1281 2379 1335 2437 hae
1349 2381 1478 2450 iniuncta
1497 2381 1760 2438 obedieutiavirtue

61 2475 129 2525 tunc
145 2477 302 2541 presentes
313 2470 429 2536 fuerint,
446 2478 502 2525 tres
517 2485 655 2541 pauperes
668 2485 741 2540 pene
755 2473 784 2525 el
798 2485 883 2525 carne
937 2469 1019 2525 detur
1034 2474 1062 2523 et
1075 2469 1175 2537 gratia,
1185 2467 1323 2538 nobisque
1337 2469 1367 2525 in
1378 2469 1511 2524 omnihus
1526 2471 1555 2525 in
1571 2472 1665 2540 magni
1678 2470 1757 2542 judi·

58 2558 232 2615 reficiamus.
249 2559 328 2626 Quod
349 2560 373 2615 si
399 2560 536 2615 festivitas
551 2569 629 2615 serta
643 2559 780 2616 acciderit
803 2558 881 2628 feria,
937 2557 974 2614 cii
990 2558 1036 2613 die
1049 2556 1125 2613 infor
1139 2561 1253 2614 sanctes
1280 2557 1429 2615 defunctos
1445 2558 1639 2616 misericordia
1654 2573 1758 2616 conce·

59 2647 105 2704 fiat
119 2649 184 2720 ipsa
197 2650 518 2721 pauperumrefcctiode
534 2666 605 2721 pane
620 2658 647 2707 et
662 2665 746 2707 earne
761 2649 883 2706 Sabbato
937 2647 1135 2703 daturhman.

59 2741 188 2810 sequenti
201 2741 243 2797 rel
257 2740 510 2807 Dominiea.Quam
526 2740 623 2798 itidem
639 2755 795 2811 pauperum
811 2741 883 2797 refe-

316 2949 533 3046 ΡΟΝἸΙΙ
566 2948 827 3043 ABBATIS
861 2944 1344 3044 PRAECEPTIONES
1379 2947 1508 3040 PIAE.

727 3155 850 3229 (Binum.
866 3155 977 3214 lifrccll.
990 3156 1038 3227 ΙΙΙ,
1053 3156 1112 3229 63.)

903 3431 924 3496 (1
946 3429 983 3485 lia
1008 3428 1082 3486 beuti
1105 3429 1229 3487 Mattbei
1245 3437 1308 3501 post
1322 3430 1431 3489 obitam
1447 3433 1549 3505 ipsius,
1563 3434 1649 3492 faciat
1673 3435 1766 3493 indie

113 3542 257 3598 Concessio
272 3556 354 3611 qaam
363 3538 479 3595 Paralius
489 3538 575 3594 obbae
588 3537 779 3594 Claniaccasir
789 3539 855 3608 fecit
944 3519 1130 3576 “ssnilflifflli
1143 3519 1215 3590 05⁰⁸·

223 3611 365 3668 lteramde
376 3610 578 3682 archiepiscopo
598 3611 737 3667 toletano.
1340 3610 1376 3665 ΙΙ.

102 3702 208 3758 Notum
227 3701 265 3758 sit
281 3701 421 3756 universe
449 3699 662 3770 congregationi
678 3699 761 3768 hujus
776 3713 891 3754 venera·
947 3698 1010 3753 Alie
1024 3700 1161 3753 concessio
1174 3702 1251 3768 lacte
1279 3699 1369 3755 delita
1393 3701 1598 3773 archiepiscopo
1617 3704 1768 3761 Laudem.

71 3790 290 3856 biliacoenobii,
317 3794 374 3845 tam
404 3788 589 3861 praesentium
616 3802 698 3857 quum
723 3786 892 3853 futurorum,
984 3785 1122 3842 Noverint
1150 3787 1272 3842 universi
1298 3789 1371 3858 quod
1403 3793 1476 3844 totus
1502 3801 1659 3847 conventus
1684 3791 1770 3862 hujus
1866 3846 1871 3853 ,

70 3880 240 3950 precepisse
257 3880 394 3936 dornnum
412 3879 546 3934 Pontium
573 3878 659 3946 hujus
674 3875 838 3932 monasterii
854 3889 895 3931 ra·
950 3874 1082 3931 necteria
1097 3876 1240 3931 concessit
1255 3874 1359 3933 illustri
1372 3878 1428 3933 uiro
1443 3878 1550 3933 domno
1565 3879 1679 3949 Esquite
1695 3881 1771 3936 Lun-

69 3970 220 4027 verendum
247 3968 379 4024 abbatem
393 3968 428 4025 de
443 3969 527 4023 domo
547 3966 691 4022 Bernardo
705 3965 839 4021 Toletano
854 3979 895 4020 ar·
950 3964 1031 4020 densi
1048 3963 1272 4035 archiepiscopo,
1288 3981 1350 4037 quae
1364 3974 1406 4021 est
1419 3966 1505 4022 totius
1524 3967 1614 4023 Dacie
1630 3971 1770 4038 metropo-

72 4060 299 4130 cbiepiscupo,ut
314 4064 376 4129 post
391 4058 500 4112 obitum
516 4055 605 4126 ipsius
620 4053 786 4110 tricenarius
797 4053 895 4107 missa·
952 4053 997 4120 lis,
1014 4062 1076 4125 post
1091 4054 1198 4109 obitum
1229 4057 1289 4124 ejus
1315 4055 1487 4111 tantumdem
1503 4071 1552 4127 per
1580 4056 1773 4114 omiabenofi·

66 4162 132 4206 rum
151 4148 496 4206 illiefratrlbusstudiose
511 4140 897 4215 persolvatur‚resunantibue
952 4143 1062 4200 ciorum
1077 4150 1212 4213 quintum
1225 4144 1395 4214 persolvitur
1409 4145 1497 4200 uniex
1510 4145 1644 4203 fratrtbus
1659 4146 1773 4203 Clunia·

69 4239 239 4310 signiacum
255 4237 351 4294 officio
367 4236 450 4306 plano
466 4243 491 4290 et
513 4234 600 4289 missa
614 4231 898 4304 generalidlefeetio-
954 4231 1098 4301 censibus,
1116 4240 1170 4288 tam
1202 4233 1381 4291 inCluniaco
1410 4235 1776 4306 quaminomnibuslocls

64 4341 134 4386 uem
149 4344 218 4385 vero
234 4343 320 4399 quam
336 4327 402 4384 fecit
418 4326 546 4383 decanus
560 4325 595 4380 de
610 4322 769 4379 Gallinlaco
784 4320 814 4378 in
830 4322 901 4393 rigi·
955 4322 1026 4392 ejus.
1047 4321 1110 4377 Fuit
1125 4322 1202 4378 enirn
1219 4322 1302 4392 bajus
1318 4323 1373 4380 loci
1389 4340 1510 4396 magnus
1524 4334 1644 4384 amator.

230 5457 366 5519 Parnon.
391 5454 518 5518 CLXVI.
