3788 6000
135 218 215 283 ssli-
635 211 669 274 S.
692 207 925 275 emesenus
945 204 1073 270 ABBAS
1093 208 1267 274 cistelle.
1288 211 1342 277 111.
1774 208 1847 271 itte

436 346 554 405 CAPUT
569 344 662 404 XCIV.
972 342 1000 413 Δ
1015 343 1149 414 ederunt,
1166 344 1244 403 dioet
1259 361 1267 404 s
1282 347 1444 404 liberentur
1457 343 1511 413 tut,
1521 347 1550 403 et
1562 345 1666 416 postes
1680 341 1769 401 solus
1783 344 1847 401 seb·

300 438 356 509 Quo
371 436 466 495 ordine
491 436 665 508 inunpnntur
683 434 799 506 infirmi.
1010 433 1114 505 junnae
1129 435 1332 506 lridulosntiom
1346 452 1353 492 :
1369 436 1474 493 deiude
1488 436 1692 493 communicet
1717 449 1788 490 enm
1802 433 1843 490 di·
1880 482 1887 499 ,

176 529 216 585 td
230 520 959 599 inungenduminfirmumpulsetursignumteodiu
1014 538 1095 594 cens,
1112 524 1216 597 Corpus
1239 526 1350 599 bonini
1372 523 1461 585 nostri
1474 526 1539 583 issu
1554 524 1660 581 Christi
1670 521 1812 579 custodiet
1820 531 1845 579 tr
1886 558 1888 581 t

138 618 230 675 donee
243 634 334 674 uuum
346 622 432 675 Peter
445 626 538 673 noster
553 616 607 672 diei
624 615 726 687 possit.
743 614 776 670 Et
787 615 862 670 teoto
874 628 960 685 perso
1014 614 1044 669 in
1060 615 1144 670 uitem
1160 623 1302 673 eternum.
1318 615 1346 671 si
1374 630 1533 673 conversus
1556 619 1601 671 est
1615 612 1661 668 vel
1678 611 1844 669 monnellus

137 707 290 765 intervallo
306 709 411 764 iterum
429 706 562 779 pulsetur
577 707 695 778 signum
712 705 813 761 eedem
831 708 960 760 more:et
1015 704 1138 776 quinon
1156 705 1414 779 intelligitlitteces
1423 704 1553 762 idemilli
1566 704 1711 775 llumenes¹
1719 707 1842 777 exponet

136 800 208 853 tune
222 795 461 851 indueturebbes
472 793 660 862 elbe,stoleel
676 789 959 863 meuipulo,Virgem
1015 795 1150 851 sacerdos
1167 810 1174 850 :
1190 800 1219 852 et
1233 811 1393 852 conversus
1408 811 1528 852 somene
1547 793 1730 850 confiteatur
1741 807 1843 863 sepec-

140 901 261 942 sumens
291 883 476 957 pestorelem.
505 883 557 951 Qui
585 882 610 939 si
641 880 961 948 deluerit,sutcentor
1014 898 1095 940 essse
1110 882 1298 957 nogitetlone,
1309 884 1455 941 locutione
1469 891 1497 940 et
1511 899 1607 956 opere.
1620 879 1772 941 Similiter
1786 898 1840 938 mo·

140 975 293 1042 insistant
308 975 354 1031 oui
367 973 507 1030 innuerit.
523 973 585 1037 Quo
606 973 709 1027 induto
725 976 755 1027 et
769 970 853 1042 siguo
870 967 958 1025 semel
1016 973 1128 1030 nschus
1143 990 1261 1031 romeus
1272 973 1456 1043 eouilteetur,
1472 973 1498 1030 si
1513 989 1602 1030 suum
1618 971 1763 1029 nesoierit
1778 971 1839 1029 Con·

141 1065 267 1138 pulsato,
284 1065 381 1121 veniet
408 1069 568 1120 conventus
583 1061 612 1116 iu
629 1062 769 1117 eborum:
785 1065 813 1116 et
828 1059 870 1115 sie
885 1058 960 1115 inei·
1014 1061 1101 1132 ploos.
1117 1062 1198 1120 ldem
1214 1079 1328 1136 quoque
1343 1063 1406 1132 tlet,
1421 1064 1536 1136 quoties
1559 1062 1642 1135 grevi
1668 1064 1840 1119 necessitsts

139 1157 252 1228 pientes
263 1154 409 1228 psalmum
426 1155 523 1210 lisoius
538 1151 734 1225 quiintettipit,
749 1151 853 1207 deinde
862 1149 961 1207 iudico
1015 1155 1082 1224 quis
1098 1159 1220 1210 leuetur.
1233 1154 1314 1219 Quod
1330 1155 1408 1210 enim
1421 1153 1457 1211 de
1468 1152 1524 1210 ilde
1535 1169 1589 1210 sue
1600 1151 1747 1209 infirmus
1757 1154 1839 1208 inter·

140 1262 194 1312 erse,
207 1247 288 1313 Deus,
300 1249 402 1316 etpost
418 1244 483 1300 Voce
498 1259 558 1297 ineo
572 1244 599 1299 2.
615 1241 772 1313 unicuique
790 1240 902 1313 perimo
913 1239 962 1293 nd·
1016 1242 1110 1314 rogeri
1126 1244 1303 1316 precipitur,
1320 1260 1377 1299 uon
1394 1243 1430 1300 de
1452 1241 1591 1300 omnibus
1612 1241 1747 1298 infirmis
1768 1258 1775 1297 :
1797 1240 1841 1298 sed

135 1335 293 1406 jungentes
308 1331 402 1388 Gloria
418 1334 506 1398 Petri,
538 1332 695 1403 procedunt
724 1346 757 1385 eo
782 1328 883 1385 ordino
903 1345 961 1400 quo
1015 1334 1131 1388 tentum
1147 1332 1183 1388 de
1198 1331 1327 1389 inunctis
1340 1337 1369 1388 st
1383 1331 1473 1387 dehis
1490 1330 1540 1403 qui
1552 1331 1841 1387 inextremisviden·

140 1427 219 1478 stent
234 1424 263 1477 in
279 1422 379 1491 oboro,
396 1421 597 1477 sacerdotibus
612 1420 802 1493 sequentibus
826 1418 960 1474 ebbetem
1017 1423 1064 1475 tur
1078 1435 1175 1492 egere,
1185 1419 1388 1492 intelligimus.
1402 1417 1543 1476 Similiter
1553 1420 1642 1475 etism
1650 1419 1720 1475 eliis
1735 1419 1840 1475 vicibus

141 1516 377 1584 postcrucem,et
391 1511 491 1568 lumen
508 1512 535 1566 iu
552 1512 732 1567 absconseet
751 1525 856 1581 equum
874 1509 962 1565 bone·
1016 1509 1135 1579 quendo
1150 1510 1369 1566 communicent
1380 1507 1490 1564 infirmi
1503 1507 1840 1573 monachivelconversi,

142 1603 261 1661 dictem.
278 1604 307 1660 Si
322 1609 419 1660 eutem
438 1620 556 1660 neeesse
569 1605 665 1673 tuerit,
694 1603 825 1676 pselmus
841 1601 962 1657 ultimus
1017 1612 1074 1651 non
1091 1597 1239 1669 permittet
1254 1599 1392 1654 sacerdos
1407 1598 1536 1668 aliquem
1550 1597 1670 1653 evenire
1695 1596 1841 1669 negligen-

140 1697 296 1766 repetslur.
314 1694 442 1750 Secriste
453 1710 518 1749 vero
533 1709 656 1766 pergens
668 1694 697 1748 iu
716 1693 818 1748 ordine
840 1709 905 1763 suo,
922 1693 961 1748 le·
977 1714 1002 1780 B
1017 1686 1100 1749 liam.
1116 1686 1168 1743 sed
1181 1688 1216 1743 de
1231 1687 1278 1742 his
1288 1704 1352 1759 quoe
1364 1687 1400 1742 ed
1412 1686 1466 1743 hoo
1478 1687 1732 1743 secesseriesuut
1746 1686 1842 1757 toque·

139 1787 185 1840 ret
198 1784 294 1839 oleum
314 1787 343 1839 et
357 1788 460 1855 stupes
488 1782 532 1840 vel
555 1799 686 1856 pennum
702 1783 737 1838 ed
755 1782 963 1853 detergendum
1018 1777 1067 1831 tur
1082 1791 1090 1830 ι
1104 1792 1162 1848 quo
1177 1776 1405 1843 communicato,
1428 1775 1591 1832 discedent.

142 1872 430 1936 uncturumtiuoties
442 1871 548 1928 dieitur
558 1873 613 1928 Per
623 1871 706 1928 istum
716 1875 842 1928 sonetum
852 1875 963 1931 unctio-
1321 1864 1440 1923 CAPUT
1455 1865 1536 1924 XCV·

139 1979 213 2033 nem,
230 1966 323 2033 stupe
339 1962 494 2019 mittentur
510 1961 552 2018 vel
565 1978 691 2033 pennus,
707 1979 781 2035 ques
807 1968 909 2035 postes
933 1963 963 2021 iu
1171 1957 1306 2025 Quomodo
1317 1963 1419 2028 anatur
1432 1956 1507 2013 circa
1520 1957 1697 2029 defunctum·

140 2051 285 2124 piscinam
301 2052 337 2107 ed
354 2052 408 2109 boc
423 2052 592 2124 deputetem
604 2053 803 2108 comburetllt
814 2069 880 2110 cum
897 2071 960 2126 per·
1054 2047 1125 2102 Cum
1140 2045 1249 2119 aliquis
1261 2047 1351 2104 morti
1365 2045 1482 2121 penitus
1497 2045 1842 2123 appropinqueveritpo·

139 2141 273 2197 venerint
287 2141 323 2197 sd
339 2139 488 2196 infirmum
506 2139 599 2197 finitis
613 2139 798 2213 pselmis,qui
815 2141 963 2198 unctionis
1019 2135 1153 2193 netured
1164 2135 1646 2209 terremsupersegum,supposito
1657 2136 1841 2206 priuseinere

141 2231 202 2303 egit
216 2230 347 2289 officium
363 2231 442 2287 dicet
457 2237 518 2287 Pax
533 2229 596 2287 lunio
611 2231 707 2287 domui
727 2249 734 2288 ς
751 2235 779 2287 ot
802 2237 963 2288 conventus
1017 2224 1048 2282 iu
1066 2225 1186 2282 modum
1201 2225 1340 2292 crucient
1350 2224 1451 2297 ulique
1462 2224 1612 2293 uisite,vel
1624 2224 1785 2281 streminis
1794 2223 1839 2279 eli·

140 2322 328 2393 respondent,
343 2321 439 2376 Ansere.
454 2324 488 2376 st
503 2320 601 2377 stetim
618 2321 755 2378 sacerdos
769 2321 964 2392 subsequetur
1018 2320 1138 2388 quento-
1165 2315 1275 2373 Dehinc
1296 2332 1434 2387 percusse
1448 2315 1559 2372 crebris
1575 2314 1684 2371 ictibus
1702 2315 1804 2371 tabule
1814 2313 1839 2369 in

141 2409 275 2467 Dominus
298 2409 449 2478 vobiscum,
465 2413 494 2465 et
508 2410 587 2465 dicet
596 2408 671 2465 benc
682 2410 853 2479 cretionem,
871 2409 963 2467 Omni·
1017 2405 1189 2479 clauserunt
1199 2406 1317 2478 pulseto
1328 2405 1414 2480 signo
1424 2406 1454 2463 in
1464 2406 1585 2462 ecclesie
1596 2407 1840 2479 ubieunqueeou·

138 2503 236 2571 potens
262 2501 427 2570 sempiterne
450 2499 531 2564 Dens,
561 2499 609 2570 qui
636 2498 960 2569 perbcetumincobum.
1016 2501 1120 2552 ventus
1137 2494 1223 2552 tuerit
1238 2494 1564 2569 queter,quomodobis
1576 2495 1638 2552 iteri
1651 2496 1689 2550 ed
1702 2497 1839 2568 inungen-

142 2589 204 2655 Qus
220 2586 302 2643 sinite
316 2591 345 2642 et
356 2603 496 2658 responso
508 2587 605 2655 Amen,
625 2585 703 2642 dicet
721 2586 858 2643 infirmus
874 2605 962 2644 suum
1017 2585 1088 2641 dum
1098 2585 1486 2642 infirmumdetermiustum
1494 2589 1537 2641 est
1550 2601 1557 2639 :
1568 2586 1841 2643 sicoeventusibtre

140 2677 275 2747 Confiteor
291 2693 297 2732 :
315 2681 344 2733 et
360 2676 385 2732 si
401 2675 473 2732 illud
489 2676 586 2732 dieere
602 2676 738 2733 nescierit
753 2677 798 2732 vel
813 2694 871 2733 noo
896 2678 961 2750 qui·
1016 2673 1175 2732 claustrum
1189 2676 1288 2740 luerit,
1302 2680 1457 2732 occurrent
1471 2689 1572 2730 omnes
1586 2672 1772 2731 velocitersd
1785 2690 1841 2728 mo·

141 2765 558 2837 verit,tundenspeetusdieet
579 2766 635 2822 ileu
664 2767 756 2838 culpo,
780 2767 962 2823 decennibus
1017 2764 1252 2831 rientem,Credo
1266 2763 1296 2820 in
1328 2769 1413 2820 Deum
1442 2763 1571 2820 dieentes
1593 2763 1701 2818 bisvel
1719 2768 1840 2832 tentem

141 2858 262 2926 peccetis
275 2857 354 2926 meis,
368 2872 465 2927 precor
478 2872 534 2925 uos,
551 2864 627 2913 orote
640 2872 689 2928 pro
704 2872 764 2914 sne:
789 2863 860 2914 tunc
884 2856 962 2912 dioe—
1017 2853 1076 2911 slte
1091 2860 1123 2910 ut
1138 2853 1254 2927 possint
1266 2853 1373 2910 endiri.
1397 2853 1427 2909 Sl
1456 2869 1521 2909 vere
1540 2859 1634 2921 estre,
1650 2854 1840 2925 quamcitius

141 2948 190 3001 tur
203 2946 229 3002 ei
244 2945 279 3002 eb
292 2948 371 3003 omui
387 2949 774 3015 conventussnersuurtnt,
790 2951 886 3003 stelit
896 2950 963 3018 post
1018 2946 1135 3018 poterit,
1151 2961 1217 3001 oum
1235 2944 1377 3018 grevitete
1392 2948 1489 3001 temen
1506 2948 1642 2999 occurret
1666 2959 1674 2999 ι
1695 2943 1757 3000 nisi
1778 2944 1841 2999 torte

141 3036 231 3092 sbbes
243 3035 267 3091 si
277 3036 401 3091 edluerit
412 3037 489 3092 dicet
504 3036 578 3091 benc
589 3035 815 3104 absolutionem,
832 3038 963 3094 Dominus
1019 3037 1150 3104 tempore
1165 3030 1323 3088 secationis
1335 3029 1379 3087 sel
1395 3031 1550 3097 messionis
1577 3034 1708 3099 tentum,
1728 3046 1780 3101 pro
1794 3028 1841 3085 eli·

138 3127 215 3184 isses
231 3126 368 3191 Christus,
391 3132 447 3183 ete.
476 3126 505 3181 si
532 3142 598 3183 vero
627 3126 718 3183 ebbes
731 3128 867 3196 deluerit,
884 3127 962 3183 diret
982 3084 1004 3153 c
1018 3140 1078 3195 que
1092 3122 1175 3196 grevi
1189 3123 1365 3179 necessitate
1379 3122 1478 3178 ebbetl
1492 3121 1603 3177 deleret
1614 3119 1841 3177 collectaneum:

138 3215 261 3287 ipsequi
282 3215 398 3288 inungit
417 3215 620 3287 lndulpentiem
634 3221 662 3272 et
676 3216 863 3274 remissionem
879 3233 886 3272 t
904 3233 962 3289 quo
1016 3223 1045 3271 et
1057 3214 1182 3271 secriste
1193 3211 1297 3270 stolum
1308 3218 1337 3271 et
1349 3212 1608 3271 beculumdeeens
1619 3228 1725 3268 seeum
1737 3212 1841 3285 quide·

141 3303 219 3360 dieto
235 3303 285 3375 qui
302 3303 449 3361 inunxerit
464 3305 566 3361 olleret
580 3305 605 3362 ei
627 3322 744 3362 erucem
770 3306 805 3363 ed
826 3307 961 3362 osculen-
1017 3305 1092 3360 leret
1105 3320 1234 3373 erucem,
1263 3304 1374 3374 lumen,
1397 3301 1582 3360 thuribulum
1602 3304 1633 3358 et
1647 3318 1760 3374 equsm
1773 3302 1839 3358 bens

141 3391 223 3449 dum.
240 3396 302 3460 Quo
318 3394 392 3450 secto
416 3399 446 3450 et
467 3410 553 3451 eruce
578 3394 701 3464 reddite,
726 3394 804 3452 dieat
817 3400 871 3451 Per
881 3395 964 3452 istem
1018 3393 1139 3450 dictem.

138 3491 265 3539 sanctem
280 3482 449 3552 unctionem,
461 3491 516 3538 ete.
530 3484 566 3539 lit
581 3483 623 3540 sic
647 3484 964 3560 inunctionisimplent
1053 3482 1083 3540 Si
1098 3484 1134 3540 ed
1150 3483 1334 3541 uollutionem
1350 3482 1490 3552 sederint,
1519 3481 1621 3540 eudite
1650 3481 1841 3539 tebuledicst

139 3569 268 3626 cilinium
287 3588 294 3625 ε
312 3570 693 3639 etinunetoiufirmo,dicet
707 3580 867 3630 conventus
891 3576 964 3647 psel-
1018 3570 1118 3641 lector,
1136 3575 1171 3630 Tu
1196 3580 1297 3641 nutem,
1325 3574 1452 3643 Domine,
1474 3577 1502 3630 et
1527 3573 1629 3640 ebbes,
1663 3571 1840 3634 Adtutorisn

140 3676 223 3717 mum
234 3660 353 3717 Benedee
367 3662 497 3734 primum
516 3678 522 3717 :
539 3662 645 3720 deiude
662 3664 795 3721 dicentur
810 3667 895 3721 Peter
912 3682 963 3723 no·
1018 3668 1155 3720 nostrum.
1172 3665 1226 3730 Qui
1238 3664 1388 3721 iuncturis
1398 3678 1595 3735 presensnon
1607 3661 1711 3729 luerit,
1725 3680 1782 3720 uon
1798 3678 1840 3717 ss-

138 3751 195 3804 ster
213 3757 238 3806 et
250 3754 397 3820 preesset
413 3750 442 3804 in
453 3749 625 3808 Collectuneo
640 3750 755 3824 scripte
767 3756 874 3811 suntet
884 3757 965 3827 post·
1020 3752 1190 3810 lisleeieted
1202 3752 1339 3826 predum,
1349 3752 1401 3808 sed
1411 3751 1578 3809 incoestiuo
1592 3749 1712 3807 veniere
1726 3750 1841 3823 petetis

139 3854 174 3897 ee
188 3839 353 3904 erutiones:
367 3839 463 3912 prime
478 3840 598 3913 quidem
618 3841 730 3900 (iremus
752 3843 897 3900 bominum
911 3861 965 3901 no·
1020 3843 1147 3918 oepitulo
1164 3861 1172 3902 :
1189 3843 1214 3899 si
1230 3844 1260 3899 in
1276 3841 1402 3901 oratorio
1418 3842 1453 3899 sd
1468 3841 1573 3898 misses
1584 3840 1629 3897 vel
1640 3840 1678 3897 ed
1691 3843 1843 3900 eenonicss

137 3929 325 3986 annuissem
337 3927 488 3997 Christum,
502 3932 619 4001 tratres:
636 3931 777 3999 secunde,
791 3934 967 4002 Propitietur
1021 3936 1109 3993 hores
1124 3935 1167 3992 uei
1183 3934 1311 3991 Sebbsto
1327 3934 1362 3990 ed
1378 3931 1535 3989 liundorum
1549 3930 1670 3999 luerint,
1689 3933 1784 3991 ebbss
1798 3936 1843 3988 eut

139 4022 273 4078 Dominus
290 4037 297 4076 :
314 4020 410 4088 tertie,
426 4021 466 4076 De
487 4035 609 4087 oensem,
627 4020 751 4088 Domine,
765 4022 875 4091 fomute
898 4031 966 4080 tuos
1021 4027 1101 4100 prior
1111 4029 1140 4082 et
1154 4039 1228 4097 quos
1243 4022 1334 4081 ebbes
1345 4023 1480 4094 jusserit,
1493 4020 1601 4079 suntsi
1623 4027 1729 4078 eutem
1747 4022 1844 4078 viderit

141 4119 245 4180 queres
261 4125 268 4164 ε
286 4110 432 4167 benedicet
452 4115 480 4166 ts
505 4111 574 4167 Deus
598 4111 687 4168 Paur
700 4117 813 4169 sanetus
829 4129 836 4168 ε
852 4113 965 4183 quinte,
1021 4121 1124 4179 centor
1139 4115 1215 4188 quod
1231 4129 1284 4186 pro
1301 4110 1487 4170 destinetione
1501 4111 1617 4183 possint
1631 4112 1733 4168 ceteri
1748 4112 1785 4170 ed
1799 4111 1843 4171 de·

140 4200 416 4256 benediceremus
427 4199 513 4256 celi:
538 4204 630 4270 sexte,
660 4201 812 4260 Benedicat
836 4206 862 4258 ts
898 4204 966 4261 Deus
1021 4205 1155 4262 tuentum
1177 4201 1381 4260 convenienter
1406 4215 1570 4269 occurrere,
1584 4197 1674 4257 solito
1690 4201 1781 4259 citius
1795 4200 1845 4256 im·

140 4290 233 4356 Peter,
249 4285 342 4357 quiin
355 4285 504 4359 principio,
517 4293 572 4344 ete.
1021 4291 1354 4367 pleentopusinceptum
1368 4294 1397 4347 et
1408 4289 1481 4347 elios
1492 4287 1845 4361 subsequentur.Quodsi

178 4375 290 4440 Quibus
305 4374 437 4448 expletis,
462 4392 563 4435 omnes
586 4383 690 4435 exeunt
707 4396 714 4435 ε
731 4382 809 4453 qued
825 4379 850 4438 si
866 4381 965 4439 stetim
1022 4384 1169 4457 precipue
1179 4381 1579 4453 ineritsolemnites‚propter
1587 4379 1643 4437 boo
1657 4378 1844 4455 Vesperssssl

142 4466 356 4523 communicari
368 4465 513 4530 debuerit,
528 4471 574 4524 eet
589 4483 654 4527 cnm
672 4468 816 4527 ministris
826 4471 861 4527 ed
877 4471 965 4529 eccle·
979 4460 1002 4527 ll
1018 4473 1159 4531 Noeturni
1185 4470 1310 4531 celerius
1338 4487 1397 4527 uon
1412 4470 1558 4529 dicentur.
1574 4468 1657 4534 Quod
1674 4471 1806 4527 menime
1819 4469 1846 4525 in

142 4555 217 4615 siem
233 4555 283 4628 qui
295 4572 364 4621 eum
380 4557 582 4629 perunxit,eut
592 4556 729 4630 uliuspro
750 4574 795 4628 eo,
808 4559 834 4615 si
845 4575 964 4618 necesse
1019 4561 1175 4636 precipuis
1190 4558 1430 4618 solemnitatibus
1444 4558 1625 4617 observetur.
1640 4557 1677 4615 lit
1692 4560 1846 4617 selendum

141 4645 276 4703 lueritbt
289 4645 398 4703 obtutis
414 4646 552 4704 menibus
566 4647 594 4703 in
610 4647 733 4719 pisoine,
760 4647 871 4707 deleret
895 4665 963 4706 sen·
1019 4649 1089 4724 quie
1100 4648 1295 4709 Dominiciset
1302 4648 1385 4705 lestis
1393 4647 1498 4707 diebus
1506 4645 1847 4714 leudensivsldstutiei,

142 4740 220 4792 etsm
235 4734 472 4794 communionem
482 4751 549 4799 eum
560 4734 649 4793 oeliee
659 4736 806 4793 offertorio
816 4743 963 4812 cooperto,
1019 4738 1070 4812 qui
1086 4738 1249 4796 seeundum
1265 4736 1408 4810 Regulum
1424 4741 1491 4808 post
1505 4735 1670 4793 Nocturnus
1685 4736 1790 4793 stetim
1805 4736 1848 4791 dc·

141 4831 290 4897 preeunte
301 4824 521 4895 eruee‚lumine,
533 4825 865 4896 squebsnedteunlios
877 4828 963 4899 etiem
1018 4830 1090 4895 bent
1104 4826 1258 4900 subsequi,
1269 4825 1336 4888 lieet
1350 4842 1385 4883 ee
1399 4826 1471 4883 hore
1486 4822 1586 4883 tebnls
1595 4823 1775 4897 pulsaverit,
1793 4841 1847 4883 non

140 4913 219 4972 iuter
233 4914 334 4973 lumen
347 4922 374 4972 et
389 4932 497 4988 equom
513 4916 624 4974 deteret
639 4915 800 4989 empullem
820 4917 963 4977 vinarium
1019 4918 1274 4985 intermittentur,
1289 4915 1490 4977 similiterneo
1500 4913 1599 4971 Prima
1609 4913 1739 4987 privetis
1749 4913 1848 4975 diebus

138 5004 177 5061 ed
191 5005 425 5076 conspergendos
440 5005 548 5078 digitos
563 5005 593 5061 in
607 5004 708 5063 esliee.
724 5005 796 5063 Cum
820 5007 855 5075 ed
880 5007 965 5064 inssr·
1019 5014 1085 5081 post
1096 5007 1210 5065 leudes
1219 5006 1248 5065 in
1258 5003 1502 5063 hieme.0tllcium
1513 5019 1631 5076 quoqne
1640 5003 1846 5061 defunctorum

141 5110 225 5152 mum
240 5094 371 5163 veniunt,
387 5094 438 5167 qui
453 5095 508 5150 lert
519 5111 627 5167 equum
638 5099 775 5169 sepeigei
783 5100 964 5155 sumsseeer·
1020 5093 1282 5168 ubieunqueseqei
1298 5093 1444 5160 debuerit,
1461 5090 1599 5166 quemuis
1624 5090 1729 5164 pulset
1740 5092 1846 5161 tabule,

140 5186 195 5243 dos
218 5200 285 5241 vero
302 5185 379 5243 dicet
398 5184 435 5242 ei.
460 5185 538 5254 Ecce,
561 5185 661 5255 preter,
681 5200 778 5256 cerpus
791 5186 901 5245 Domini
914 5203 966 5245 nc·
1020 5181 1847 5254 uonintermnreturbiotsirequsttrontosiedbuepixe·

141 5277 194 5331 stri
207 5276 270 5333 iesu
292 5274 396 5341 diruti
417 5275 488 5348 quod
503 5275 556 5341 titi
570 5275 722 5348 &ferimus
737 5294 745 5344 3
762 5275 852 5339 eredis
867 5275 916 5334 bec
928 5275 966 5332 il·
1020 5276 1069 5343 rit,
1085 5274 1221 5345 dicentur
1234 5277 1346 5346 septem
1361 5273 1469 5331 Psntnsi
1481 5270 1690 5343 poenitentiales
1706 5288 1714 5328 ι
1731 5268 1847 5349 quodsi

142 5364 197 5419 tud
211 5378 278 5430 ssss,
290 5364 320 5420 in
332 5380 385 5436 quo
399 5369 438 5420 cst
452 5364 540 5434 sotus,
557 5367 615 5421 uite
629 5369 655 5423 st
666 5367 835 5422 resurreetio
844 5366 967 5423 nostrai
1021 5365 1152 5421 nondum
1163 5364 1277 5430 obierit,
1287 5362 1450 5431 discedent,
1463 5360 1666 5432 relinquentes
1677 5360 1722 5418 ibi
1733 5376 1848 5420 crucem

140 5466 198 5521 quo
231 5453 436 5523 respondente,
464 5455 560 5521 Credo,
574 5460 692 5512 monent
707 5453 803 5510 diuers
817 5455 965 5525 Confiteor,
1021 5458 1051 5510 ot
1066 5469 1173 5525 equem
1191 5451 1382 5509 benedictum.

142 5538 168 5594 sl
183 5539 344 5597 monichus
359 5546 415 5598 est.
432 5542 494 5605 Quo
509 5544 587 5603 dieto
602 5544 823 5609 secernerem
843 5544 890 5601 hls
915 5547 965 5627 qui
1057 5543 1181 5618 Egresse
1195 5541 1293 5609 enims
1304 5540 1426 5615 inoipiet
1441 5542 1552 5611 eenlor,
1562 5538 1729 5617 Sudumiie,
1740 5541 1849 5601 uteris
