3796 6000
138 206 200 271 503
790 174 974 258 annueret
996 146 1200 265 eounnsre
1792 199 1858 260 sot

139 339 273 401 lhelmus,
289 333 451 406 Stephanus
461 337 488 388 et
500 345 599 387 eorum
612 327 738 386 consocii
752 327 930 385 formidolosi
942 336 970 385 et
984 331 1012 397 Α
1026 327 1098 385 citus
1109 326 1240 398 dispersi,
1256 327 1362 384 moenia
1383 328 1540 385 Antiochia
1562 328 1755 401 transvolans,
1772 349 1854 402 pero·

146 425 255 499 profugi
270 429 369 494 aptant
394 436 494 488 nares,
510 433 602 474 remos
616 425 643 473 et
657 416 721 473 vela
735 415 792 472 alto
807 417 880 472 mari
896 416 972 473 infe·
1027 418 1173 489 grinorum
1184 418 1269 472 corda
1281 432 1383 488 magno
1393 416 1491 473 dolore
1506 417 1610 486 inlisit,
1623 425 1650 474 et
1664 419 1791 476 multum
1807 437 1854 477 au·

146 522 260 581 runtnr,
274 509 551 580 Constantinopolim
576 521 702 564 remeare
714 505 910 576 disponentes,
927 522 972 562 re·
1026 506 1116 562 daeiee
1129 505 1164 560 ah
1180 520 1278 561 eornm
1293 504 1417 562 excussit
1431 505 1547 562 animis.
1564 507 1630 563 Ideo
1655 507 1759 578 saepius
1775 511 1855 580 prin·

145 603 220 661 lictis
234 600 369 658 iratribus
383 601 413 656 in
427 597 586 663 obsidione,
603 612 675 668 quos
689 610 861 667 nunquama
876 596 971 652 mani·
1027 593 1252 666 cipesarercitus
1262 592 1530 650 Christieonsilium
1542 595 1738 663 conterebant,
1754 606 1853 670 quete-

144 693 198 749 bus
213 689 362 747 Corhahan
382 687 496 743 libcrari
512 701 594 757 posse
618 684 828 741 existimabant.
1027 699 1081 740 nus
1096 683 1120 738 si
1133 683 1227 753 aliqua
1241 689 1300 738 arte
1310 682 1444 751 vaierent,
1456 682 1575 740 clameb
1593 684 1663 742 urbe
1679 690 1855 754 recedentes,

144 800 208 856 CM,
225 803 282 855 XL,
298 829 330 839 -
349 796 491 865 Quomodo
502 792 696 866 praedmivirq
709 792 832 848 fimum
848 794 970 864 impera.
1028 772 1136 829 humile
1150 771 1250 840 vulgus
1265 771 1326 828 illic
1351 772 1381 828 in
1397 772 1524 844 periculo
1549 772 1754 846 relinquerent.
1776 777 1856 842 Quod

250 881 335 926 torem
349 869 383 924 ab
398 867 505 924 anxilio
519 868 643 937 fratrum
655 867 856 920 revocaverint.
1027 864 1082 918 dux
1097 861 1275 932 Godeiridus,
1296 860 1434 918 liebertus
1458 862 1639 921 Flandrensis
1654 873 1680 921 et
1706 867 1857 938 episeopus

181 960 434 1030 Aliquantoantem
445 962 571 1026 tempore
583 969 649 1010 eum
661 954 851 1023 navigassent,
864 952 895 1007 in
907 952 970 1023 qui·
1026 952 1173 1009 Podiensis
1188 946 1389 1022 intelligentes,
1405 953 1508 1008 iterum
1522 969 1570 1011 eos
1585 955 1745 1012 confortare
1761 973 1856 1030 coepe·

148 1049 265 1105 busdam
281 1046 384 1103 insulis
402 1047 437 1101 de
451 1059 540 1117 regno
567 1043 730 1099 Grecorum
760 1048 969 1112 pernoctantes,
1027 1049 1103 1109 runt,
1120 1041 1161 1098 sie
1176 1040 1210 1096 ad
1223 1041 1370 1097 universos
1385 1041 1552 1112 loquentes:
1571 1066 1585 1092 «ι
1607 1043 1669 1101 Non
1688 1046 1856 1116 turbemini,

142 1138 187 1195 vel
204 1140 436 1210 proptermotum
446 1134 531 1189 maris
543 1123 973 1196 commorantes,intellexerunt
1028 1146 1120 1203 nequo
1136 1131 1265 1187 formidet
1279 1147 1328 1187 eor
1343 1140 1466 1187 restrum
1482 1132 1512 1188 in
1534 1132 1586 1190 hac
1603 1133 1784 1205 imperatoris
1802 1138 1857 1192 rul-

144 1228 338 1285 Christiannm
349 1225 552 1295 imperatorum
560 1221 722 1277 Graecorum
733 1221 767 1275 ad
781 1219 880 1275 urbem
894 1219 971 1275 Fini·
1028 1228 1091 1291 gata
1111 1221 1281 1277 reversione.
1303 1220 1407 1277 Potens
1422 1228 1464 1276 est
1480 1221 1554 1277 Deus
1569 1222 1604 1279 de
1619 1239 1706 1280 manu
1720 1225 1856 1281 inimicon

145 1317 232 1373 minis
246 1314 417 1386 pervenisse,
444 1313 473 1367 in
499 1311 636 1367 comitatu
657 1325 759 1380 magno
779 1313 807 1364 et
834 1312 970 1379 apparatu
1027 1327 1090 1367 rum
1106 1328 1158 1366 nos
1173 1309 1304 1367 liberare.
1329 1310 1451 1367 Tantum
1471 1311 1586 1368 stabiles
1610 1320 1699 1370 estote
1713 1315 1745 1370 in
1761 1331 1856 1371 amore

147 1406 273 1476 copioso,
287 1404 322 1458 ad
337 1401 562 1458 succurrendum
573 1398 739 1470 peregrinis,
750 1397 825 1453 sieut
835 1397 890 1453 fide
905 1413 970 1467 pro·
1027 1401 1178 1466 Christi,et
1193 1415 1340 1470 nonquam
1351 1397 1478 1456 fraudem
1489 1401 1563 1457 hano
1574 1401 1603 1458 in
1624 1401 1725 1458 iratres
1751 1413 1858 1460 vestros

147 1495 273 1560 miserat,
298 1495 411 1564 qnando
436 1493 616 1546 sacramento
640 1495 666 1542 et
695 1488 800 1543 loedere
838 1502 970 1557 percusso
1028 1488 1147 1556 fecialis,
1164 1494 1195 1542 ut
1224 1488 1331 1558 lugam,
1348 1487 1421 1542 olem
1445 1488 1542 1545 abeis
1571 1489 1719 1560 subtracti,
1743 1491 1857 1548 ineatis.

145 1584 240 1657 juncti
255 1590 320 1638 sunt
337 1581 379 1637 illi
395 1581 424 1636 in
448 1578 615 1636 amicitiam.
632 1577 657 1634 ls
671 1575 855 1647 Turcopnlos,
871 1576 970 1632 Pince-
1029 1577 1129 1633 Procul
1145 1576 1231 1633 dubio
1246 1576 1322 1632 enim
1339 1577 1363 1632 si
1373 1577 1468 1648 lugam
1480 1577 1601 1634 inieritis
1612 1595 1669 1649 pree
1681 1580 1787 1637 timore
1798 1581 1857 1637 ini-

148 1672 253 1737 narios,
269 1670 443 1736 comanitas,
469 1668 614 1738 Balgaros‚
628 1681 695 1722 aren
709 1666 843 1722 deotoset
859 1666 970 1736 sagitta,
987 1699 1010 1764 B
1029 1668 1179 1724 micorum.
1199 1665 1349 1722 Gorbahan
1377 1673 1403 1721 et
1428 1668 1523 1723 omnis
1543 1668 1696 1725 multitudo
1711 1668 1792 1725 illins
1806 1687 1855 1727 vos

147 1760 316 1832 Danaosque
336 1759 506 1830 bipennium
521 1764 663 1813 armatura
683 1756 819 1812 dimicare
844 1755 970 1826 periissi-
1025 1764 1249 1830 persequantur;
1265 1765 1478 1829 etnequequam
1493 1774 1594 1815 manus
1607 1759 1724 1815 illorum
1736 1761 1854 1831 effugie-

147 1867 208 1908 mos
223 1850 320 1906 Gallos
334 1849 456 1917 exsules,
476 1847 630 1903 exercitum
645 1844 729 1901 simul
751 1845 970 1912 conductitium,
1025 1849 1071 1919 tis,
1085 1864 1150 1904 enm
1166 1848 1290 1920 primum
1305 1847 1378 1903 lame
1400 1851 1499 1904 restrae
1516 1849 1586 1914 luge
1602 1849 1637 1904 ad
1658 1865 1744 1906 aures
1759 1866 1856 1906 eorum

145 1940 282 2014 populum
298 1939 400 1994 diversi
415 1937 526 2008 generis
539 1953 555 1992 a
566 1935 684 1992 desertis
697 1933 769 1991 locis
784 1943 812 1991 et
827 1933 971 1991 urontanis
1027 1940 1196 2010 pervenerit.
1213 1937 1325 1992 Stemus
1336 1936 1432 2005 igitur,
1443 1945 1470 1993 et
1481 1938 1510 1994 in
1519 1939 1664 2009 proposito
1678 1940 1854 1996 vitanostre

145 2036 172 2086 et
186 2045 202 2084 a
218 2028 368 2085 maritimis
394 2026 506 2091 insulis,
536 2024 572 2080 ab
592 2023 670 2080 omni
686 2021 795 2079 seilicet
820 2037 971 2092 regnasua
1029 2028 1059 2083 in
1074 2027 1190 2083 nomine
1204 2025 1318 2082 Domini
1340 2027 1504 2084 moriamur.
1523 2048 1537 2077 a
1553 2028 1593 2083 nd
1612 2028 1672 2084 haeo
1687 2028 1773 2085 rerba
1789 2029 1856 2084 uni.

145 2116 360 2188 spatiosissimo,
372 2115 407 2170 ad
422 2113 608 2186 qnadraginta
621 2111 711 2167 millia
723 2112 872 2168 contraxit.
890 2110 972 2168 llunc
1033 2117 1106 2172 versi
1120 2115 1235 2173 stabiles
1258 2115 1328 2172 lacti
1345 2122 1421 2187 sunt,
1442 2123 1469 2173 et
1492 2132 1557 2173 oum
1581 2116 1719 2174 iratribus
1743 2119 1819 2175 mori
1835 2125 1860 2174 st

146 2205 274 2276 praedicti
285 2204 427 2275 principes
442 2203 472 2258 in
487 2202 543 2257 hac
558 2201 725 2258 tortitudine
740 2207 912 2257 armatorum
928 2201 972 2256 vi·
1035 2205 1129 2263 virere
1143 2210 1312 2262 statuarum,

148 2310 254 2361 rorum,
270 2308 407 2365 equorum
425 2300 509 2364 etque
524 2292 554 2346 in
570 2292 661 2362 copiis
675 2289 859 2355 cibariorum,
875 2294 972 2346 tento·

149 2384 268 2452 riorum,
285 2381 439 2439 multorum
455 2396 488 2437 ae
498 2379 673 2437 camelorum
684 2379 852 2434 invenerunt
862 2385 888 2434 et
903 2394 971 2435 cum

148 2490 181 2530 eo
192 2489 295 2531 norum
304 2472 478 2529 excercitum
491 2470 648 2532 Gallorum,
660 2468 771 2525 circiter
786 2467 973 2539 qnadraginta

149 2564 251 2632 millia,
267 2578 317 2634 per
332 2562 445 2631 longam
467 2559 588 2615 hiemem
604 2565 817 2629 congregatum,
838 2557 971 2613 latinum
1060 2560 1208 2618 corbahan
1223 2568 1250 2618 et
1263 2577 1363 2618 omnes
1377 2563 1501 2633 legiones
1512 2563 1675 2635 gentilium,
1686 2565 1784 2623 andito
1800 2567 1857 2623 im·

153 2668 263 2724 quoque
277 2656 417 2707 truncatae
439 2649 527 2714 neris,
540 2649 589 2719 qui
611 2646 741 2702 similiter
757 2645 857 2702 timore
871 2647 973 2701 attoni·
1025 2649 1160 2720 paraturis
1175 2665 1297 2716 recessu,
1316 2649 1441 2721 amplius
1455 2652 1563 2708 assultu
1584 2651 1811 2721 invalescebant,
1828 2665 1855 2712 et

147 2750 204 2813 tus,
219 2743 250 2798 in
269 2740 338 2796 lalsn
352 2739 408 2795 lide
422 2755 438 2793 a
453 2737 539 2794 sociis
554 2741 708 2792 recesserat
721 2737 756 2791 ad
775 2735 867 2805 ipsum
884 2734 972 2806 irnpe-
1024 2739 1054 2795 in
1070 2737 1161 2808 globis
1173 2738 1232 2793 suis
1253 2754 1268 2795 e
1282 2739 1383 2795 castris
1409 2741 1604 2809 procedentes,
1634 2741 1857 2813 insidiabantur,

146 2834 282 2897 retorem,
309 2837 423 2898 propter
451 2825 624 2898 promissum
646 2825 786 2881 auxilium
801 2823 971 2895 legationem
1024 2828 1048 2883 si
1063 2827 1126 2899 quis
1140 2827 1175 2883 ah
1190 2827 1259 2884 urhe
1270 2829 1446 2897 procederet,
1459 2844 1543 2900 quem
1555 2831 1637 2887 solito
1650 2848 1728 2888 more
1740 2834 1857 2890 detrun·

148 2919 268 2989 laturos,
291 2933 375 2989 quem
394 2915 513 2972 minime
542 2914 662 2970 fideliter
686 2915 802 2986 peregit,
819 2930 876 2971 non
898 2915 972 2970 ultra
1026 2922 1234 2988 carepossent.
1263 2918 1387 2983 Quadam
1404 2919 1489 2986 igitur
1515 2920 1561 2976 die
1583 2922 1719 2992 quosdam
1736 2923 1856 2990 Tereos,

1024 2349 1087 2406 Cer.
1098 2349 1178 2404 Xhll.
1192 2380 1225 2390 -
1241 2351 1276 2406 lle
1291 2349 1379 2405 milite
1394 2349 1564 2418 Christiano,
1589 2352 1668 2420 euius
1683 2367 1771 2425 equus
1791 2369 1854 2407 eam

1318 2440 1448 2509 iaciente
1462 2439 1569 2495 cecidit.

145 3008 328 3065 Antiochiam
358 3006 681 3075 resersus.·lmperetor
710 3004 853 3073 ingressos
878 3006 912 3060 ad
942 3021 972 3062 se
987 3054 1008 3121 C
1028 3009 1858 3085 suheademintentioneinglohoquadragintamilitum

148 3097 291 3171 principes
315 3110 532 3164 recognoscens,
558 3094 675 3150 miratur
696 3093 776 3149 raldo
800 3096 971 3165 quornodoe
1027 3101 1062 3156 ah
1083 3100 1205 3170 hospitio
1233 3099 1479 3158 tabernaculorum
1507 3119 1644 3174 egressos,
1667 3105 1858 3163 Christiania

148 3187 232 3246 sociis
247 3187 328 3244 divisi
340 3185 506 3250 habeantur,
515 3200 548 3240 ae
556 3191 736 3256 percontatur
755 3185 789 3239 de
806 3191 877 3239 statu
905 3184 971 3240 svale-
1027 3190 1169 3246 moenihus
1183 3189 1261 3246 urhis
1276 3190 1468 3260 speculantur.
1486 3191 1603 3259 Quibus,
1628 3193 1696 3250 licat
1717 3197 1815 3252 rrtsres
1833 3204 1859 3253 ar

28 3324 32 3333 .
55 3292 58 3297 ’
148 3272 576 3344 linmChristieommilitonum,
589 3273 970 3345 desalutedueisGodelridi,
1026 3279 1153 3335 exterriti
1170 3279 1205 3335 de
1220 3279 1344 3335 adversis
1360 3278 1413 3334 sibi
1438 3280 1532 3351 rebus,
1549 3283 1679 3353 protinus
1696 3291 1775 3341 trans
1790 3287 1857 3342 vada

147 3366 306 3438 lisymundi
323 3364 435 3421 comitis
450 3371 477 3419 et
503 3362 628 3433 episcopi
654 3362 810 3429 Pediensis,
833 3370 924 3418 utrum
941 3363 971 3419 in
1027 3369 1124 3424 Ferae
1139 3366 1227 3438 aliqui
1254 3368 1355 3424 armati
1370 3377 1565 3442 occurrerunt,
1588 3372 1637 3428 sed
1652 3374 1797 3444 extemplo
1820 3375 1855 3431 ab

150 3471 284 3529 prospero
300 3454 343 3509 rel
358 3455 475 3509 adverso
490 3467 587 3507 eorum
603 3452 713 3506 ressila
727 3452 772 3505 sit.
790 3452 972 3524 Respondent
1026 3457 1096 3528 ipsis
1119 3458 1218 3513 aneis
1233 3458 1365 3528 repressi,
1393 3466 1470 3515 trans
1494 3461 1595 3516 sadum
1620 3462 1772 3533 fugientes,
1800 3466 1855 3522 olio

149 3561 197 3603 eos
210 3542 331 3600 minime
346 3541 375 3597 in
401 3539 585 3612 prosperitate
608 3547 634 3595 et
662 3540 752 3595 salute
774 3556 846 3610 esso,
866 3542 913 3597 sed
930 3544 971 3598 sic
1026 3548 1201 3603 steterentin
1216 3547 1494 3613 littore,ridentesse
1506 3549 1700 3607 famelicorum
1712 3568 1854 3624 equorum

148 3633 278 3692 ⁰b⁸⁰⁸⁸⁰S
294 3649 310 3686 ἃ
325 3629 482 3697 corbahan,
506 3627 633 3699 Difficile
641 3628 790 3696 Cameren,
806 3633 835 3684 tl
849 3647 865 3685 a
880 3631 970 3686 nulio·
1025 3635 1155 3692 cursibus
1173 3651 1230 3691 non
1246 3651 1328 3706 posse
1342 3637 1525 3694 contendere.
1542 3639 1669 3695 Tandem
1684 3645 1748 3711 post
1763 3643 1854 3713 plari-

147 3722 232 3780 ssib¹¹⁸
246 3720 406 3792 h'flfflffifflnr
424 3725 453 3774 ⁰²
468 3733 504 3774 ¹¹⁰
520 3733 593 3774 “¹¹⁰⁵
615 3718 727 3788 quidem
740 3726 860 3789 valesce!
877 3721 971 3775 editus
1025 3742 1100 3782 mam
1116 3725 1281 3797 sagittarum
1297 3727 1478 3798 grandinem,
1490 3728 1597 3785 Tereos
1607 3730 1706 3800 procul
1721 3732 1758 3786 eh
1770 3748 1854 3789 amne

147 3812 190 3870 '0¹
207 3810 299 3869 efflui
318 3827 333 3865 ἃ
359 3815 416 3864 ¹³OE
433 3808 556 3878 ⁸9³110⁵⁸
577 3806 657 3874 urbe,
672 3816 699 3863 ‘31
723 3808 796 3878 quoti
823 3824 970 3880 uunquam
1025 3823 1182 3870 remeantes
1198 3815 1311 3885 quidem
1328 3814 1435 3871 robusti
1451 3817 1574 3889 pectoris
1586 3818 1679 3886 miles,
1695 3819 1792 3876 adhuc
1808 3821 1852 3876 sui

60 3896 64 3901 ’
122 3919 247 3960 -manus
262 3900 388 3967 illorum,
406 3897 461 3954 nisi
476 3897 575 3952 furtim
590 3894 680 3967 aliqui
706 3898 818 3967 possint
842 3899 968 3955 evadere.
1024 3903 1089 3975 equi
1105 3903 1195 3958 tideus
1219 3901 1330 3972 virtute,
1357 3912 1382 3959 et
1398 3907 1537 3961 sociorum
1566 3907 1638 3962 sires
1653 3917 1716 3978 post
1744 3917 1853 3979 tergum

146 3992 314 4051 ⁰⁰fef⁶b³¹¹²
329 3993 424 4046 autem
441 3991 546 4059 quanta
562 3987 636 4043 fame
650 3995 834 4056 mmmmm,
853 4004 969 4060 quomo·
1024 3992 1104 4063 sequi
1121 3991 1299 4061 existimans,
1325 3993 1510 4051 immoderato
1540 4011 1624 4052 cursu
1649 4001 1851 4070 persequitur;

144 4084 180 4140 do
194 4087 364 4139 mercatores
379 4085 406 4133 et
423 4093 508 4133 naves
529 4076 594 4133 odio
617 4076 731 4132 illorum
748 4077 834 4133 Terei
849 4078 970 4134 attrivis·
1025 4082 1075 4139 sed
1088 4082 1203 4138 nemine
1214 4080 1399 4138 sociorumad
1409 4084 1548 4141 auxilinm
1560 4087 1641 4157 sequi
1653 4096 1853 4157 presumente,

145 4179 218 4227 ⁵0⁰1·
238 4168 354 4224 Nullum
367 4183 431 4223 lero
442 4181 476 4222 0³
489 4164 623 4222 omnibus
638 4165 730 4222 vivere
747 4181 828 4236 posse
842 4166 970 4225 lateban·
1025 4170 1082 4226 duo
1097 4169 1267 4226 atrocissimi
1279 4171 1387 4241 equites
1399 4187 1431 4226 ex
1448 4172 1532 4242 globo
1547 4174 1577 4228 in
1594 4174 1694 4231 lociem
1711 4178 1854 4248 peregrini

145 4263 191 4315 tur
205 4275 223 4314 a
236 4256 309 4313 laeie
325 4261 410 4310 tante
426 4253 628 4319 multitudiuis,
641 4253 749 4324 seipsos
764 4255 808 4310 vix
823 4255 852 4310 in
868 4257 970 4313 astutia
1025 4274 1111 4327 equos
1128 4258 1198 4314 laxis
1209 4257 1296 4314 irenis
1308 4259 1451 4330 rejiciunt,
1468 4269 1493 4316 et
1510 4261 1538 4316 in
1555 4262 1650 4333 lugam
1668 4265 1790 4321 reditum
1807 4283 1851 4321 ve·

146 4363 198 4404 θῦε
212 4345 356 4408 Uitellios,
372 4351 554 4415 suggerentes
565 4342 728 4412 imperatori
744 4351 773 4398 ut
789 4344 902 4413 rediret,
917 4361 970 4402 nee
1026 4348 1080 4404 loci
1095 4363 1231 4420 equorum
1245 4354 1345 4418 urgent
1361 4347 1484 4419 levitate,
1496 4351 1635 4407 remensis
1650 4354 1748 4409 eadem
1765 4355 1851 4410 viaad

147 4439 251 4496 frustra
266 4449 348 4490 suum
364 4433 518 4489 exercitum
542 4439 654 4488 vexaret
680 4433 714 4488 ad
737 4437 830 4489 tantas
846 4432 969 4490 hostium
985 4421 1009 4484 l)
1025 4439 1116 4496 socios
1131 4437 1280 4496 novalibus
1294 4455 1301 4493 :
1317 4438 1362 4494 oni
1383 4439 1413 4496 in
1428 4440 1536 4511 impetu
1555 4449 1582 4498 et
1597 4444 1757 4501 ollensione
1771 4448 1852 4517 pedis

148 4525 256 4599 ⁰⁰95&
1026 4528 1203 4600 equushumi
1218 4532 1296 4583 sotus
1310 4528 1428 4594 corruit,
1440 4530 1519 4587 etsie
1532 4531 1590 4588 lere
1604 4532 1635 4588 in
1651 4541 1777 4592 extremo
1789 4538 1850 4592 rita

148 4635 213 4692 uas.
225 4630 291 4688 itti.
307 4660 342 4669 -
354 4626 412 4682 Atti
429 4625 543 4698 qnidam
567 4627 706 4697 principes
723 4629 825 4700 (aqam
838 4628 972 4686 medicaea.
1025 4632 1083 4674 sues
1102 4617 1274 4676 constitutus
1286 4624 1337 4674 est.
1355 4617 1446 4690 anso
1462 4619 1556 4691 itaque
1569 4621 1594 4677 ei
1609 4621 1717 4679 auxilio
1737 4626 1851 4696 penitus

182 4701 504 4773 tes,bonornrnuioornm
517 4698 932 4756 exhortationibusretinentur.
1025 4707 1169 4773 destituto,
1184 4722 1250 4764 oum
1264 4706 1322 4777 jam
1348 4709 1483 4779 propead
1512 4709 1673 4768 feriendum
1690 4713 1852 4772 adfuissem

184 4796 340 4866 Imperitos
360 4788 405 4844 ΜΒ
420 4787 643 4844 Chrisiiflnorutn
662 4788 766 4844 auditis
788 4789 931 4860 periculis,
943 4803 970 4850 et
1025 4796 1183 4869 carnilloes,
1200 4812 1241 4854 erc
1262 4798 1328 4869 equi
1350 4813 1448 4855 eorum
1472 4799 1634 4858 immobiles
1655 4803 1852 4878 perstiterunt,

146 4883 296 4959 gentilium
312 4877 402 4950 copiis
414 4877 651 4949 campaniacum
667 4877 836 4948 primatibus
849 4880 907 4935 suis
923 4880 971 4936 ha·
1023 4888 1146 4945 calceria
1167 4888 1259 4955 obliti,
1284 4904 1317 4945 ac
1339 4889 1362 4944 si
1391 4889 1421 4945 in
1437 4890 1529 4947 lronte
1552 4894 1691 4964 percussi,
1718 4904 1792 4953 retro
1813 4898 1854 4955 ipa

145 4969 350 5036 hitoconsilio,
362 4978 487 5023 tremens
499 4968 864 5037 oestupclactus,protinus
879 4976 968 5026 totum
1024 4977 1276 5049 compellerentur,
1294 4978 1386 5034 donec
1411 4980 1577 5051 peregrinus
1597 4983 1679 5039 miles
1693 5000 1800 5055 equum
1824 4988 1854 5044 ῐῃ

145 5061 237 5119 ῐθΰῑῐθ
252 5057 388 5130 primitit
402 5055 568 5112 immimin-
596 5055 670 5123 Quin
686 5063 792 5112 leriam
809 5058 967 5127 R⁰fflt¹⁰5aea
1023 5065 1142 5137 pedibus
1157 5072 1350 5134 resurgentem
1366 5067 1541 5138 ascenderet,
1557 5073 1585 5125 et
1600 5069 1658 5127 Deo
1674 5087 1707 5128 ac
1732 5075 1854 5131 Domino

145 5147 289 5224 q¹¹⁰¹¹d³¹¹¹
307 5144 411 5213 injuste
422 5142 602 5212 ⁸5⁰¹l¹¹¹fl³⁰
617 5142 814 5212 sihiablatem,
831 5144 877 5200 ⁵0¹1
892 5160 968 5202 1¹1¹ssss
1021 5156 1087 5211 lesu
1104 5154 1215 5211 Christo
1230 5155 1366 5220 donante,
1383 5155 1477 5225 lugam
1492 5157 1525 5211 ed
1540 5159 1682 5216 sociorum
1700 5164 1852 5220 stationem

144 5235 361 5312 peregrinorum
377 5231 487 5287 viribus
501 5232 673 5298 restitutam,
685 5233 818 5289 incendio
834 5241 860 5288 et
875 5235 968 5304 prada
1022 5245 1144 5302 1101,qu
1158 5245 1286 5302 Unqvpfsq
1300 5247 1329 5301 q„
1339 5245 1432 5302 lipom
1442 5252 1469 5302 01
1484 5247 1628 5305 mnibus
1638 5252 1671 5306 ad
1689 5255 1852 5322 spectacula

144 5325 271 5387 verterit,
289 5322 373 5378 urbes
393 5328 420 5376 et
446 5322 576 5391 praesidia
599 5323 729 5377 universa
751 5323 902 5391 subversit,
931 5340 967 5380 ne
1022 5342 1130 5391 grantes
1145 5351 1201 5404 prae
1218 5332 1567 5407 paudiolacrymarisunt‚
1584 5339 1626 5394 aie
1642 5339 1781 5398 incolumi
1794 5345 1850 5399 rm.

145 5420 216 5474 iorta
228 5433 244 5469 e
257 5412 412 5482 Solyuveuo
430 5415 591 5478 recuperata
606 5409 646 5465 illi
662 5413 774 5468 servitio
792 5413 964 5484 prodessent.
1022 5433 1062 5480 ire
1077 5431 1200 5493 recepto,
1216 5423 1245 5479 in
1262 5424 1344 5494 cujus
1361 5423 1529 5482 liberatione
1552 5427 1702 5486 manifeste
1726 5432 1847 5503 digitum

144 5507 430 5570 Tentusergoruruor
443 5499 622 5570 imperatoris
643 5502 772 5573 regressi,
791 5511 817 5559 et
833 5503 875 5559 sui
891 5519 966 5560 exer·
1021 5513 1071 5570 nei
1083 5512 1207 5569 adfuisse
1221 5512 1415 5584 expefqigunq
