3788 6000
92 218 150 283 itt
572 213 788 277 duduconis
810 215 980 282 tentiis
1000 216 1316 281 tuuttuuuttusts

93 343 372 428 gentiumpopulnm
389 351 577 426 matergratia
591 351 919 412 dexterabenedicentis
933 355 961 426 Α
974 352 1165 427 spiritualiter
1178 352 1323 411 examinet
1337 352 1513 427 spiritualia,
1530 358 1560 410 et
1574 354 1610 412 de
1620 354 1679 430 pini

95 446 245 517 supponit.
262 443 406 500 Fraudem
423 441 917 518 subripiendabenedietiuniaipsa
975 450 1059 502 terrae
1073 445 1161 502 iaciat
1176 445 1288 502 tructus
1303 445 1520 501 misericordia.
1546 443 1594 501 Sic
1615 445 1657 502 sic

95 533 211 603 suadet,
225 538 317 588 artem
334 530 492 588 simulandi
506 531 572 604 ipse
586 533 680 601 docel,
704 537 734 590 et
753 532 918 606 trepidante
971 537 1065 609 gratia
1092 540 1187 593 mater
1211 536 1319 610 satagit
1344 553 1395 608 pro
1419 536 1478 593 tilio
1508 553 1597 609 quem
1622 536 1679 606 diti,

93 623 154 680 illio
170 623 233 680 coci
251 621 382 679 ultimum
396 621 461 694 ipsa
472 619 586 693 implet.
599 623 668 680 llere
679 620 726 694 pia
741 627 843 691 mater,
854 640 916 695 qua
972 625 1530 699 mansuetos,sicbnmiiesprovehittaic
1541 626 1616 682 filins
1628 627 1679 683 ede

93 721 125 770 ut
141 712 201 770 filio
217 710 450 768 benedictionem
468 710 641 780 lucrifaciat,
652 709 848 769 ministerium
863 730 916 769 an·
971 717 1030 774 Deo
1042 716 1127 789 patri,
1139 718 1222 789 quasi
1236 715 1386 789 caliganti,
1397 716 1544 788 etprioris
1554 716 1676 786 ignoran

92 802 197 860 oillula
214 818 271 857 non
287 807 413 856 recusat.
429 799 504 856 Vere
519 800 638 871 sapiens
654 799 770 867 muller,
792 816 858 873 quae
873 802 916 858 aie
970 806 1040 862 licta
1055 822 1111 861 non
1123 805 1294 877 imputanti,
1311 805 1442 877 quotidie
1458 805 1672 861 benedicendos

94 892 173 950 novit
187 890 286 946 badas
297 904 432 961 coquere,
449 888 492 944 sie
507 889 636 955 condire,
654 893 686 944 ut
713 889 838 962 gratiam
862 907 916 949 ea·
971 910 1030 952 nun
1046 893 1162 951 desinit.
1179 894 1280 950 Simile
1294 895 1364 966 quid
1379 899 1408 949 at
1422 894 1452 949 in
1468 894 1552 950 nobis
1567 895 1679 967 geritur

95 996 230 1058 pisarum
246 984 275 1036 et
290 993 441 1035 cervorum
459 983 620 1051 coaequant,
643 982 695 1034 aut
718 982 807 1036 etism
835 996 917 1053 supe·
972 984 1198 1056 doquipriorin
1210 984 1296 1040 nobis
1307 984 1447 1052 nascitur,
1460 985 1541 1039 ruina
1554 986 1680 1040 eetetsur

95 1074 171 1128 rent.
183 1067 336 1142 Proposita
351 1066 428 1123 enim
440 1067 544 1124 Pastor
554 1068 650 1124 bonne
660 1066 808 1139 parabola,
819 1069 856 1125 da
866 1086 918 1128 uve
972 1075 1045 1143 rins,
1057 1073 1230 1130 elvitiorum
1240 1074 1483 1146 asperitatetotua
1497 1072 1633 1143 hispidus
1643 1089 1678 1143 ;c

95 1157 257 1217 centesima
272 1163 302 1213 et
315 1158 438 1227 dragma
452 1155 579 1223 decima,
604 1160 729 1228 utraque
754 1156 868 1229 perdita
888 1164 918 1215 et
972 1167 1100 1233 sectans,
1113 1161 1541 1236 spiritualianihiiiastimans,
1552 1162 1616 1233 plns
1627 1161 1679 1219 lan*

95 1250 226 1318 inventa,
257 1245 394 1303 Gaudium
408 1247 458 1314 ert,
473 1243 580 1317 inquit,
591 1246 698 1316 capelia
713 1246 918 1319 Deisaperuuu
972 1251 1680 1326 liumquamprimogenitndiligens,primogenito

95 1343 235 1414 peccatore
246 1337 438 1410 poeaitentiam
450 1339 559 1408 aperte,
575 1351 659 1408 pacm
673 1341 918 1408 supermacpmlc
973 1343 1114 1418 gnitatem
1129 1342 1216 1399 tantis
1226 1341 1349 1412 vilitate,
1367 1356 1428 1398 rem
1444 1346 1504 1397 tam
1512 1349 1679 1414 magnam,t

96 1446 196 1488 necem
218 1429 314 1501 iustis,
339 1427 388 1499 qui
409 1441 465 1484 uun
487 1426 615 1496 indicem
637 1429 811 1500 pauitantia.
835 1428 919 1487 Novit
973 1430 1678 1507 pretiodiatrahens.dtveroquiposteriornasoit

97 1520 240 1590 Rebecca,
256 1521 397 1589 mnquam
414 1533 431 1573 a
445 1514 505 1572 vim
521 1515 677 1583 instructa,
691 1520 832 1590 tanquam
856 1517 918 1576 viro
973 1518 1679 1597 piassetetlanisspiritualiascotans‚carnaiianii

97 1608 238 1679 ulflcioaa,
254 1607 321 1680 quis
335 1605 420 1662 uibus
431 1607 512 1663 laese
522 1605 590 1678 plus
601 1603 725 1677 placeat,
736 1608 814 1679 qnod
825 1623 918 1679 genus
973 1630 1069 1680 mana,
1082 1613 1175 1668 instar
1192 1615 1258 1668 rota
1274 1616 1358 1668 terra
1373 1611 1408 1666 ed
1422 1614 1602 1667 momentum
1617 1610 1679 1667 vixi

97 1697 277 1757 condimenti
292 1695 414 1753 suavius
430 1698 459 1751 at
474 1694 578 1767 sapiat.
594 1697 658 1751 Non
673 1698 719 1752 eat
734 1695 790 1752 alis
803 1696 833 1753 in
851 1715 916 1756 mn·
933 1728 958 1794 B
974 1703 1010 1758 ad
1027 1701 1166 1770 coelestia,
1183 1705 1243 1759 toto
1259 1718 1289 1759 se
1307 1701 1414 1758 adnisu
1431 1701 1567 1758 attollens
1578 1701 1641 1774 :qui
1658 1718 1676 1758 u

95 1785 332 1849 lieribusaimiiis
343 1785 479 1843 Rebecca
493 1787 572 1842 :tam
583 1785 917 1858 sapiana,tamstranua,
974 1791 1132 1849 dictionem
1149 1798 1302 1864 paternam
1319 1791 1481 1860 hereditat,
1493 1792 1679 1864 primogeniti

95 1885 156 1940 tam
171 1879 311 1950 officiosa,
327 1882 387 1934 tam
400 1876 511 1934 sedula.
527 1875 594 1949 lpse
608 1879 671 1933 arte
686 1876 838 1949 sapientia
858 1895 917 1936 sua
974 1878 1063 1938 lentis
1078 1879 1187 1952 edulio,
1204 1898 1265 1937 rem
1281 1884 1340 1936 tem
1367 1897 1517 1952 magnam,
1539 1885 1599 1935 tam
1625 1880 1676 1935 vili

95 1971 136 2029 sic
150 1970 234 2026 bado
249 1965 354 2040 pellem
368 1964 509 2035 detrabit,
524 1968 558 2021 nt
572 1965 687 2022 nudum
702 1982 760 2023 non
776 1966 917 2038 dimittat;
974 1975 1136 2044 comparat.
1152 1971 1205 2027 sed
1222 1981 1256 2026 ut
1270 1970 1367 2025 minor
1383 1973 1523 2040 majorem
1539 1974 1669 2042 superet,

96 2059 138 2118 sic
153 2056 328 2132 sanguinem
345 2055 452 2122 tundit,
470 2058 502 2110 ut
515 2053 605 2110 vitam
619 2071 676 2111 non
688 2055 814 2116 auferat.
825 2058 919 2116 Senex
974 2060 1079 2116 sterior
1100 2060 1226 2132 priorem
1251 2058 1430 2131 supplantet,
1456 2075 1514 2114 non
1537 2063 1581 2114 est
1612 2063 1679 2113 mari

97 2151 189 2225 igitur
203 2148 347 2206 suavitate
362 2144 542 2202 condimenti
557 2145 692 2202 Rebecca
707 2144 878 2218 delectatus,
890 2155 920 2207 et
973 2151 1074 2222 gratia
1091 2165 1097 2206 :
1114 2164 1181 2205 oum
1198 2147 1247 2204 illa
1261 2149 1362 2204 ordine
1376 2147 1514 2204 nascendi
1531 2147 1668 2220 princeps

96 2242 204 2299 haustu
220 2237 280 2294 vini
296 2236 389 2293 latior
413 2234 557 2301 redditus,
578 2235 673 2291 lilium
698 2237 917 2313 benedicturus,
974 2239 1004 2295 in
1020 2254 1140 2311 corpore
1156 2243 1256 2294 nostro
1272 2254 1395 2310 regnum
1408 2237 1521 2309 peccati
1536 2237 1679 2309 primuso

97 2327 231 2388 oseuinm
248 2326 331 2400 petit,
347 2323 480 2381 osculum
497 2324 631 2396 porrigit,
642 2325 713 2397 quia
723 2326 804 2385 nulle
818 2331 919 2388 estbe·
973 2329 1023 2386 rit.
1040 2329 1080 2385 De
1094 2344 1152 2400 quo
1170 2344 1259 2399 regno
1275 2327 1369 2391 gratia
1384 2328 1435 2383 Dei
1449 2344 1503 2383 noa
1518 2326 1635 2399 eripuit,
1649 2333 1678 2383 et

96 2415 222 2478 addictio
238 2416 302 2472 sine
316 2412 466 2470 oborientia
481 2412 593 2470 osonio.
617 2413 797 2473 Benedicens
821 2418 919 2493 itaque
973 2433 1065 2492 gnum
1077 2417 1142 2474 Filii
1153 2419 1198 2473 sni
1213 2417 1363 2473 transtulit
1378 2433 1385 2473 ε
1398 2433 1506 2489 inquo,
1517 2418 1587 2489 quia
1598 2416 1677 2473 omni

95 2514 276 2585 imprecatur
290 2503 350 2561 tilio
365 2504 402 2561 de
416 2518 480 2561 rurs
491 2501 554 2559 cmii
565 2504 823 2578 etdepinguedlne
836 2511 919 2567 terra
974 2507 1020 2563 bia
1034 2506 1168 2563 laborum
1189 2507 1305 2577 requies
1329 2509 1438 2562 aterna
1461 2506 1654 2578 promittitur,

94 2597 318 2661 abundantiam,
333 2599 368 2652 ut
388 2608 453 2651 rure
475 2592 626 2666 sapientia
652 2595 779 2669 desuper
801 2597 918 2657 intusne
972 2596 1083 2655 nterim
1099 2612 1185 2668 opere
1201 2597 1272 2653 ioasi
1288 2596 1521 2668 requiescamus.

645 2894 829 2954 PRAEFATIO
848 2893 885 2951 tit
906 2892 1041 2952 bisunu
1061 2892 1242 2962 Quaeritis.

129 3077 211 3135 Sient
224 3077 304 3136 color
317 3080 388 3133 tune
403 3075 498 3149 magis
512 3077 598 3146 nitet,
613 3079 642 3132 et
657 3074 806 3150 pulchrior
827 3090 916 3147 appa·
936 3081 959 3147 c
973 3072 1138 3130 amicalium
1154 3073 1259 3130 tiorum
1275 3074 1566 3149 quantulamcunque
1580 3076 1679 3149 gratini

94 3171 150 3237 ret,
166 3167 283 3242 quando
298 3167 438 3239 subjecta
453 3166 559 3224 tabula
574 3182 664 3223 mauu
675 3163 919 3239 pictorisinduci·
974 3163 1123 3221 auditores
1138 3181 1208 3221 suos
1226 3181 1322 3221 aarmo
1337 3167 1507 3222 rusticanus
1523 3167 1660 3223 inveniat.
1677 3215 1679 3223 i

94 3261 153 3326 tur,
170 3257 305 3329 colorque
327 3274 345 3314 a
370 3258 466 3315 colore
488 3260 571 3330 grata
591 3257 730 3313 varietate
754 3254 918 3312 inducentia
973 3255 1053 3311 enim
1068 3255 1380 3329 exemplasanctorum
1392 3261 1511 3312 Petrum
1523 3257 1642 3328 induco,
1656 3263 1679 3314 et

95 3347 300 3422 distinguitur,
316 3346 358 3404 ita
372 3347 519 3420 scriptura
532 3346 668 3418 quaelibet
679 3344 847 3419 legentibus
857 3360 920 3418 gra·
973 3352 1058 3418 gesta
1073 3344 1148 3401 mira
1163 3349 1192 3401 et
1206 3344 1342 3401 bumana
1357 3346 1520 3402 infirmitati
1538 3347 1680 3419 impossib

93 3435 571 3508 tioressesnlet,qualibrisaut
595 3437 683 3492 tomis
709 3433 915 3504 distinguitur,
973 3433 1003 3489 in
1037 3450 1138 3491 eorum
1179 3435 1266 3505 gestis
1300 3451 1334 3491 eo
1371 3437 1464 3504 magia
1504 3437 1659 3509 perspicua

95 3525 288 3599 exemplisque
304 3525 407 3598 liguris
421 3541 454 3582 uo
469 3524 642 3582 testimoniis
659 3522 865 3580 convenienter
877 3523 919 3578 in·
973 3521 1014 3576 sit
1028 3521 1134 3591 gratia,
1151 3536 1209 3594 quo
1225 3522 1254 3577 in
1270 3523 1317 3578 bia
1330 3523 1460 3581 bumana
1474 3525 1568 3580 virtus
1593 3541 1679 3582 suctu

97 3614 205 3682 ductis,
217 3614 301 3687 quasi
313 3613 470 3687 multiplici
480 3613 611 3672 colurum
622 3611 918 3669 varietatuintexitur.
974 3614 1002 3666 et
1018 3611 1180 3667 humanum
1197 3613 1328 3669 cernitur
1343 3615 1499 3671 consitium
1516 3616 1668 3672 defecisse.

96 3702 278 3778 Undeetegu
289 3719 341 3780 per
351 3703 585 3762 ommnissimnm
597 3702 787 3775 antiquorum
801 3701 919 3758 Petrum
974 3700 1141 3772 grinatione
1155 3717 1223 3774 ergo
1238 3702 1325 3759 Jacob
1342 3709 1440 3761 tomus
1454 3705 1509 3761 iste
1520 3711 1619 3761 sumat
1629 3720 1679 3762 exo

95 3794 264 3867 paradisum
281 3794 440 3866 transiens,
452 3792 594 3867 quosdam
606 3791 675 3847 iude
689 3791 775 3848 ilorea
785 3791 918 3862 decerpo,
973 3789 1004 3844 in
1021 3791 1108 3862 errius
1124 3790 1306 3848 electionem
1322 3794 1524 3851 bencdictione
1539 3795 1679 3852 narratior

94 3886 124 3939 et
135 3883 270 3958 prasenti
286 3882 429 3958 opusculo
444 3883 537 3941 iniero
553 3899 560 3940 :
576 3887 609 3940 nt
623 3899 658 3939 ex
670 3881 764 3939 nitore
778 3886 807 3936 et
817 3881 920 3935 dacore
975 3881 1142 3951 praecedens
1157 3883 1256 3953 posuit
1270 3884 1441 3940 terminum.

687 4139 873 4236 LIBER
906 4139 1206 4253 QUARTUS.

126 4359 216 4418 Jacob
231 4359 319 4434 igitur
334 4361 452 4418 tratrem
466 4361 576 4418 timens
601 4361 777 4435 sevientem,
802 4367 831 4420 et
858 4380 910 4438 pro
932 4374 955 4438 n
970 4363 1082 4421 amiens
1097 4363 1200 4437 sponsi
1212 4364 1315 4436 spiritu
1328 4365 1508 4421 decantabat.
1527 4365 1614 4421 desto
1629 4366 1679 4423 ιιιι

93 4451 232 4523 subrepta
246 4450 302 4507 eibi
317 4450 519 4511 benedictione
534 4456 656 4510 mortem
672 4452 881 4524 intentantem,
897 4469 915 4510 a
969 4453 1026 4509 auli
1041 4457 1101 4509 tam
1118 4453 1201 4510 beate
1211 4464 1347 4526 soporato
1358 4453 1421 4510 coeii
1433 4456 1614 4526 panduntur,
1626 4472 1679 4512 aro

92 4545 186 4598 matre
214 4556 385 4615 persuasus,
409 4544 499 4614 atque
524 4542 730 4615 Evangelicum
757 4543 830 4600 iliud
851 4544 914 4615 jam
968 4544 1679 4618 produntur,etpaoiaintersummaetima,inte

92 4632 224 4700 edoctus,
239 4631 269 4688 Si
282 4630 419 4704 persecuti
431 4647 475 4688 vce
490 4632 594 4706 fuerim
610 4635 640 4688 ic
655 4634 770 4690 ciuitate
783 4631 850 4702 isto,
866 4634 914 4702 tu·
968 4636 997 4689 et
1012 4633 1164 4689 bominem
1180 4632 1322 4690 charitate
1339 4634 1485 4690 mediante
1510 4635 1674 4690 raiormaud

93 4723 150 4793 pite
164 4737 195 4777 m
218 4720 318 4791 cltum,
342 4725 372 4779 et
395 4719 469 4777 illud
493 4721 685 4795 apostolicum
710 4738 717 4779 ε
740 4722 916 4778 dotciacum
968 4723 1058 4780 steria
1073 4721 1279 4778 ostenduntur.
1296 4722 1461 4780 sublevatis
1477 4724 1556 4779 enim
1571 4725 1666 4781 ocutis

91 4811 154 4878 irae,
167 4809 368 4868 benedictione
383 4809 475 4883 patris
491 4811 661 4881 comitatus,
684 4827 804 4885 peregre
824 4812 915 4883 profi·
968 4811 1150 4886 supervolat,
1164 4810 1293 4868 calestia
1309 4817 1453 4886 penetrat,
1469 4816 1497 4868 et
1512 4813 1621 4869 scalam
1638 4815 1679 4869 oh,

89 4897 220 4958 cisaitur.
229 4899 386 4958 Parentum
395 4904 494 4956 autem
503 4898 607 4958 solatio
615 4900 785 4968 destitutus,
796 4902 915 4956 misera·
967 4901 1083 4959 duobus
1099 4901 1262 4974 praecptis,
1279 4903 1364 4974 quasi
1377 4901 1493 4959 duobus
1508 4902 1673 4959 meribaal

89 4989 179 5045 tionis
197 4990 244 5044 Dei
261 4990 328 5049 sinu
340 4988 484 5046 fovendus
493 4987 647 5061 excipitur,
662 4988 724 5059 ipsa
740 4989 913 5063 disponente
967 4995 1037 5060 tem,
1054 4995 1082 5047 et
1098 4992 1126 5048 in
1145 4990 1192 5046 bie
1207 4992 1322 5048 duobus
1339 4992 1428 5062 legem
1445 5009 1478 5049 ao
1492 4994 1648 5064 propbetas
1666 4993 1675 5049 i

87 5077 145 5136 iter
159 5076 306 5149 dirigitur,
320 5079 385 5151 ipss
410 5085 605 5152 precurrente
629 5083 773 5135 nocturna
798 5079 911 5135 mansio
966 5078 1051 5136 lubili
1067 5096 1208 5154 eornpage
1222 5081 1432 5148 corrtinentem,
1450 5083 1485 5138 de
1502 5090 1578 5136 terra
1594 5083 1672 5137 videt

89 5164 249 5223 conviatori
264 5168 445 5240 providetur.
472 5166 544 5223 Cum
569 5166 667 5237 itaque
691 5167 727 5222 ad
755 5166 912 5239 quemdum
965 5163 1029 5223 lum
1045 5182 1138 5238 usque
1156 5173 1335 5237 protensam,
1351 5175 1380 5225 et
1395 5168 1515 5241 angelos
1531 5168 1581 5224 Dei
1598 5184 1679 5224 ascen

87 5255 185 5314 iocum
201 5255 377 5325 devenisset,
393 5262 460 5332 post
479 5256 550 5315 solis
565 5255 732 5314 occubitum
755 5256 849 5329 positu
873 5258 909 5314 ad
966 5259 995 5310 et
1008 5254 1219 5313 descendentes
1236 5273 1373 5329 peream.
1390 5257 1476 5315 Videt
1490 5264 1518 5314 et
1531 5258 1679 5314 dominnm

87 5332 177 5418 capnt
190 5344 289 5421 lapide
304 5346 493 5404 obdormivit.
513 5350 638 5420 corpore
652 5346 772 5419 quidam
798 5348 911 5405 mundo
965 5361 1017 5419 per
1033 5350 1173 5419 tunquam
1185 5349 1361 5420 principium
1373 5349 1536 5419 charitatis,
1549 5349 1633 5407 acaia
1643 5350 1679 5406 im

91 5434 267 5505 dormiebat,
292 5436 397 5509 spiritu
424 5451 493 5494 vero
518 5441 577 5493 Deo
605 5434 755 5508 vigilabat,
783 5439 812 5493 et
836 5435 909 5493 iilud
964 5440 993 5491 et
1007 5436 1152 5492 dicentem
1168 5438 1243 5494 sibi:
1259 5438 1315 5508 Epo
1326 5455 1386 5494 sum
1401 5440 1534 5496 Dominio
1557 5441 1625 5496 Deua
1640 5440 1679 5495 At

87 5537 222 5597 sponsae:
238 5528 297 5599 Epo
306 5526 425 5596 domic,
439 5529 465 5584 et
479 5542 525 5584 cur
537 5541 629 5583 meam
641 5526 751 5598 vigilat,
768 5529 909 5600 unquam
963 5527 1054 5599 patris
1064 5527 1107 5582 tui
1115 5534 1141 5583 et
1151 5527 1223 5583 Deus
1233 5531 1321 5587 lscuc.
1328 5529 1439 5586 Terram
1449 5531 1479 5584 iu
1486 5545 1540 5600 pua
1549 5528 1679 5587 dormisti
