3788 6000
76 220 134 284 res
543 218 593 280 DE
614 218 764 280 oneum
784 217 852 279 bul
876 219 978 282 ursel
1000 218 1068 282 llll.
1092 251 1122 265 -·
1152 216 1228 284 mu.
1252 220 1307 285 111.
1718 230 1779 293 '180

76 359 182 416 umbre
204 357 367 414 ieiunorum
390 354 483 429 gretie
502 358 639 429 operetur
664 370 671 409 :
696 357 725 411 et
751 354 829 427 quod
854 355 898 412 sl·
915 355 1112 426 Abereutsm
1128 358 1268 416 cornibus
1283 358 1358 416 videt
1370 362 1400 416 et
1415 359 1562 436 intelligit,
1579 367 1608 420 et
1622 365 1691 436 quie
1712 368 1777 426 sine

75 466 111 506 ee
140 449 235 521 gretie
263 447 342 503 sulus
372 445 494 501 bumeni
523 446 636 516 generis
665 459 717 500 nec
746 444 900 501 adumbrs-
955 448 1546 520 sunguinieellusionsnonlltremiseio,
1571 452 1669 525 ipsum
1693 457 1777 513 offert
1815 516 1818 521 ,

74 543 135 596 tur.
163 543 256 593 Senex
285 540 349 591 eret
376 533 534 600 Abrohom,
563 550 682 590 uxorem
704 533 826 590 sortitus
855 535 899 590 iu·
955 536 1088 607 proillio.
1105 536 1396 609 Haeodelldepelris
1415 541 1507 596 nostri
1528 542 1774 602 Abrebesellesu

75 626 245 693 secundem,
257 625 320 696 jum
336 623 464 680 vetulum
482 641 488 679 :
507 639 571 694 que
586 627 616 678 et
630 623 656 679 sl
670 622 829 680 infecunde
842 639 899 679 uon
953 623 1425 699 christillorninirepromissione,
1437 634 1465 685 et
1476 630 1504 685 in
1515 630 1631 688 christo
1642 634 1773 704 gentium

74 720 161 783 esset,
174 715 245 787 quie
258 721 373 785 tempus
386 712 515 784 pariendi
524 712 898 783 jemexcesseretmonege·
954 712 1154 771 benedictione
1165 716 1289 772 breviter
1297 719 1463 788 perstrinxi,
1478 720 1773 795 inquibuspraecipue

75 805 353 878 neriequippseret,
365 818 529 874 perereuon
540 802 753 874 polerstAEres,
764 800 898 857 inlecun·
953 802 1048 874 gretie
1061 804 1177 870 emicet,
1193 823 1282 876 quern
1299 809 1565 864 commendendam
1582 810 1698 882 suscepi
1712 828 1719 878 ;
1736 814 1772 868 de

74 895 161 960 dites,
174 894 307 967 periendi
319 893 477 950 exousebet
489 893 632 960 cilicium,
643 897 676 947 ut
684 897 819 948 cessonis
834 891 898 964 lege
953 890 1063 962 quibus
1078 892 1152 948 nihil
1168 893 1296 950 homene
1311 897 1466 967 sepientis,
1484 896 1555 953 nihil
1570 897 1700 955 homene
1715 898 1771 957 sibi

72 987 195 1050 neturus,
211 983 285 1039 fides
301 982 420 1038 heberet
432 982 583 1038 meritum.
595 981 701 1037 lldnxit
710 985 807 1038 entem
820 980 897 1037 iores
953 979 1083 1035 vindicet
1095 981 1252 1039 industrie.
1269 983 1378 1040 ldciroo
1402 985 1490 1042 etiem
1514 988 1557 1057 (ut
1581 987 1718 1062 erbitror)
1744 993 1773 1045 et

73 1071 697 1143 DeusllbrehemScripturecnmmsmoret,
710 1071 896 1125 etestrorum
953 1068 1068 1125 steriles
1082 1071 1225 1143 conjuges
1239 1081 1349 1128 secroto
1371 1072 1419 1128 Dei
1444 1074 1565 1131 consilio
1589 1074 1683 1132 sortiti
1702 1081 1773 1134 sunt

74 1160 205 1218 cleritete
216 1178 248 1219 ec
263 1159 452 1217 multitudine
465 1156 815 1230 ostense,Stellor‚inquit,
827 1172 897 1212 ocu·
952 1158 1045 1214 sencti
1063 1159 1244 1231 petrierebe,
1259 1160 1403 1218 Abrebem
1420 1163 1533 1232 Serum,
1558 1164 1639 1221 lseeo
1662 1166 1772 1223 Rebec-

74 1251 179 1321 sidere,
194 1251 248 1308 bes
263 1250 290 1308 ri
303 1260 378 1322 poter
392 1266 521 1316 numere,
535 1249 607 1322 ipsls
619 1263 720 1306 semen
730 1252 815 1304 tuum
827 1263 898 1303 roe·
952 1264 1027 1315 uem,
1041 1248 1132 1306 Jeoob
1148 1250 1313 1321 Reobslem,
1337 1252 1367 1308 in
1384 1268 1508 1325 quorum
1534 1258 1610 1321 ectu,
1636 1256 1772 1328 conjugio

73 1340 225 1415 qusbitur,
236 1341 312 1413 quod
324 1341 360 1397 de
371 1357 429 1397 uno
441 1339 896 1413 liliorepromissionistenquem
952 1354 985 1394 sc
1001 1338 1111 1408 sobole,
1126 1340 1335 1398 adumbretum
1352 1347 1397 1399 est
1419 1348 1640 1400 sserementum
1663 1344 1772 1401 Christi

74 1431 109 1486 de
121 1430 472 1504 grenobenedietionised
481 1428 895 1496 orientsmetocoidentem,ed
950 1427 1140 1498 silloclesire;
1154 1436 1193 1498 ul,
1206 1429 1357 1487 deficiente
1367 1432 1674 1504 neturaeedmiuiculo,
1685 1433 1773 1490 intel-

73 1516 895 1592 equilonemetmeridismdiletebitur.litbeneAbrehem
951 1517 1024 1592 ilget
1037 1518 1124 1576 bomo
1140 1536 1174 1577 cx
1189 1521 1252 1577 sole
1266 1538 1298 1578 ss
1312 1522 1407 1596 pretio
1429 1521 1582 1592 selectum,
1605 1526 1635 1581 et
1658 1541 1715 1581 non
1740 1540 1776 1581 ex

72 1605 895 1681 repromissionsmeceepturus,lorsssduoitur,quiefides
950 1607 1064 1666 merito.
1080 1608 1146 1666 Jem
1163 1626 1228 1667 vero
1243 1609 1305 1668 illio
1319 1611 1603 1683 repromissiouiesd
1614 1630 1776 1687 propagen-

72 1693 895 1770 intreeugustieshumoneimpossibilitatisnonlncludi·
908 1677 933 1745 Β
948 1698 1014 1754 dem
1032 1700 1207 1771 promissum
1216 1701 1357 1771 sobolem,
1369 1718 1442 1757 uxor
1452 1701 1542 1775 digne
1554 1703 1724 1775 inquiritur,
1735 1702 1771 1762 de

70 1794 127 1846 tur.
146 1787 269 1845 Credidit
283 1792 381 1844 eutem
396 1786 534 1843 Atratum
548 1784 673 1857 Domino,
688 1790 714 1841 et
730 1793 893 1857 reputatum
945 1787 1031 1845 domo
1042 1789 1294 1860 sepientisservus
1306 1791 1568 1862 sepiens,retsteet
1578 1792 1770 1849 consiliume-

73 1887 112 1934 σει
125 1879 152 1933 ei
164 1877 200 1933 ud
208 1877 360 1949 iustitium.
377 1876 440 1933 Non
451 1876 556 1933 diffidit
566 1875 726 1941 Abrebem,
739 1891 797 1930 non
809 1874 892 1930 dubi·
945 1871 1034 1934 inrue
1050 1877 1180 1951 eligitur,
1192 1894 1283 1935 menn
1294 1879 1396 1935 subter
1408 1880 1502 1936 lemur
1512 1879 1623 1937 domiui
1634 1879 1771 1953 impositu

72 1970 125 2032 tet,
140 1983 198 2022 non
214 1982 311 2038 suem,
328 1982 385 2023 nou
402 1965 499 2023 uxoris
515 1969 694 2022 senectutem
710 1963 892 2034 cousideret;
945 1968 1102 2040 perberim
1119 1967 1182 2023 cosli
1197 1968 1288 2039 juret,
1304 1974 1334 2025 et
1349 1969 1385 2024 de
1401 1969 1646 2025 lemoredbrehe
1670 1969 1769 2027 Domi·

72 2056 311 2130 omnipotentem
329 2056 452 2114 ettendit
468 2057 517 2131 qui
529 2054 721 2129 promittit,st
732 2054 894 2113 certissime
946 2073 1016 2114 uum
1028 2056 1283 2114 cmlinrsoiturum
1292 2058 1769 2131 mysterioprcphetet.ddterrem

73 2145 176 2214 erodit,
191 2148 270 2220 quod
287 2147 336 2219 qui
348 2147 488 2220 digestus
499 2146 722 2217 estpromittere
733 2149 839 2218 polens
850 2147 895 2202 est
946 2146 1044 2219 lteque
1054 2155 1081 2203 st
1094 2146 1299 2219 cognationem
1317 2147 1541 2205 dominiservus
1554 2147 1701 2221 dirigitur,
1707 2166 1775 2221 pru·

73 2241 102 2296 et
116 2238 220 2294 iecere.
238 2236 280 2293 lle
295 2237 351 2293 lide
367 2238 467 2309 ituque
482 2235 577 2292 Petris
597 2235 726 2292 nescitur
742 2235 833 2291 Filius
849 2250 893 2291 re-
947 2233 1769 2310 deutioonsilioutitur,eccumbltproplerloutemeque,
1854 2230 1857 2237 ’

74 2326 291 2403 promissionis,
315 2327 455 2398 goudium
481 2326 635 2397 utriusqus
656 2324 797 2398 petentis,
827 2339 895 2397 spes
948 2325 1019 2382 etin
1031 2324 1162 2397 limpidis
1173 2324 1766 2399 equissepisnlie,oontempleturpulobi·
1855 2350 1859 2361 ·

74 2415 288 2488 multiplicandi
304 2414 435 2472 seminis.
453 2415 493 2472 [ie
508 2414 615 2487 gaudio
631 2429 738 2470 nomeu
763 2413 894 2483 sortitur,
945 2416 1081 2472 tudinem
1093 2414 1299 2471 lormeuxoris
1311 2415 1530 2488 desponsasse.
1543 2415 1579 2471 tlt
1589 2415 1769 2488 quiessem·

73 2503 897 2579 quienelivitetissuegaudiumuniversedomuiimper·
948 2503 1331 2577 mentumdespousstionis
1345 2505 1434 2576 liujus
1449 2504 1769 2578 lorsitenetipseintsl·
1850 2504 1853 2509 '

73 2596 154 2664 titur,
169 2596 229 2652 imo
244 2595 274 2651 in
288 2595 369 2653 illius
388 2599 489 2669 typum
507 2598 736 2660 soneturlseeo,
757 2593 787 2650 in
809 2595 895 2665 cujus
947 2597 1023 2671 ligii,
1047 2596 1209 2654 cretionem
1236 2596 1345 2670 fundit,
1371 2598 1406 2655 de
1429 2599 1500 2654 coelo
1522 2597 1662 2655 auxilium
1686 2599 1769 2670 petit,

73 2684 226 2742 nativitate
238 2684 380 2759 goudium
395 2701 453 2740 non
469 2683 518 2738 uni
546 2683 657 2751 domui,
683 2684 733 2739 sed
759 2683 894 2739 universo
947 2691 1057 2743 sortem
1072 2686 1172 2757 mittit,
1187 2685 1361 2744 electionem
1386 2692 1442 2744 Deo
1467 2686 1632 2744 committit.
1658 2686 1769 2743 Sortem

74 2775 182 2831 mundo
194 2774 320 2831 coelestis
333 2760 454 2830 nuntius
466 2773 632 2830 ennuntiat.
645 2771 896 2830 Perrulumbers·
948 2780 1045 2832 eutem
1056 2774 1176 2847 signum
1198 2792 1280 2842 voco,
1295 2776 1373 2848 quod
1389 2774 1446 2832 sibi
1470 2774 1534 2847 ipse
1558 2772 1666 2847 posuit,
1692 2774 1770 2848 quod

71 2864 137 2920 dem
160 2865 247 2920 leclet
263 2868 356 2919 meter
376 2862 609 2936 gratulabunde,
637 2861 747 2919 sedule
772 2861 897 2919 nutricis
948 2880 1000 2936 pro
1015 2868 1093 2920 sorte
1108 2862 1220 2931 hebuit,
1237 2864 1314 2936 quod
1331 2864 1505 2936 puellaque
1528 2862 1565 2918 sd
1578 2862 1769 2919 hauriendum

72 2952 201 3010 oldcium
218 2951 425 3024 tremulegerit
435 2949 897 3022 eniculs.Senexpeterexsultet,
949 2968 1054 3024 equom
1069 2953 1248 3025 procederet,
1266 2957 1294 3009 et
1307 2953 1337 3008 in
1352 2952 1513 3009 hauriendo
1527 2956 1586 3008 lem
1604 2952 1706 3008 sedule
1720 2968 1769 3028 ee7

71 3043 238 3099 convivium
252 3042 390 3111 instituit,
407 3040 592 3099 festivitatem
605 3041 743 3107 celebret,
759 3056 817 3097 noe
832 3041 893 3095 tem
908 3038 931 3108 C
945 3047 1000 3109 set,
1011 3046 1043 3100 ut
1053 3047 1082 3099 et
1093 3041 1149 3100 eibi
1161 3049 1190 3099 et
1199 3041 1769 3114 ecmelisedequendissufficeret,diene

72 3133 141 3205 quis
158 3132 250 3188 illium
266 3131 329 3203 ipse
341 3131 480 3204 suscepit,
497 3146 585 3203 quem
602 3129 671 3202 quis
682 3129 711 3184 in
722 3128 782 3185 lllio
794 3143 891 3201 repro·
948 3138 1103 3205 essetque
1118 3133 1148 3188 in
1163 3132 1334 3205 conjugium
1351 3130 1524 3204 putrierohae
1541 3131 1767 3188 transiretllcoe

72 3221 235 3288 missionis,
251 3221 340 3277 totius
355 3221 458 3277 mundi
468 3220 596 3276 sulutem
608 3218 766 3277 etbumeni
776 3217 892 3291 generis
947 3225 976 3278 st
990 3221 1019 3277 in
1029 3220 1329 3294 boomysteriogretie
1348 3220 1449 3290 elisit,
1462 3219 1648 3292 ipsessrvum
1661 3218 1764 3292 spiritu
1870 3278 1873 3283 ,

72 3311 303 3384 redemptionem
316 3310 488 3384 repromitti,
506 3313 536 3365 ut
550 3307 847 3382 propheteiotelligit.
859 3308 892 3364 lu
946 3310 1062 3369 consilii
1075 3310 1192 3379 imbuit,
1208 3310 1271 3384 ipse
1286 3326 1381 3384 genus
1396 3310 1483 3367 sortis
1497 3309 1634 3375 instituit,
1648 3325 1767 3366 uxorem

71 3403 155 3475 eujus
171 3402 382 3475 redemptionis
397 3400 543 3474 mysterio,
561 3398 845 3470 tentetusetjussus
860 3399 893 3455 ut
948 3401 1011 3473 ipss
1025 3400 1182 3475 elegitsed
1198 3400 1228 3456 iu
1243 3405 1353 3457 sortem
1377 3399 1501 3456 thelemi
1526 3398 1617 3455 escite
1638 3398 1767 3456 Rebeoos

71 3489 204 3549 immolet
218 3491 312 3548 illium
328 3508 416 3548 suum
432 3508 519 3564 quem
544 3490 650 3563 diligit,
676 3490 768 3557 lseeo,
793 3491 826 3544 ul
851 3490 893 3544 tol
947 3490 1054 3550 sterilis
1069 3495 1229 3565 permonet,
1242 3494 1341 3549 uxoris
1353 3490 1484 3548 olllcium
1496 3508 1553 3548 nou
1564 3490 1679 3565 implet,
1696 3497 1767 3550 utet

70 3580 242 3638 numinibus
265 3581 417 3638 oberitetis
442 3580 553 3654 peterni
579 3579 748 3637 exardescet
772 3579 893 3635 flemme
946 3579 1765 3655 iorepromissionenecessariemessegretiempatries·
1861 3616 1864 3625 ι

71 3670 189 3740 emeris,
200 3670 485 3743 letueobtemperet.
498 3669 599 3726 (lledio
613 3670 784 3742 recingitur,
797 3669 890 3725 illium
945 3669 1001 3727 obe
1016 3669 1170 3743 intelliget,
1184 3675 1214 3727 st
1228 3669 1434 3727 iocunditatem
1447 3669 1529 3726 uxori
1547 3671 1683 3744 precibus
1691 3671 1766 3729 obti-

69 3760 207 3830 assumit,
216 3759 522 3834 ligneprrrperetmso
535 3765 604 3814 tuno
615 3759 651 3817 ds
661 3759 890 3831 repromissione
946 3763 1022 3816 neet.
1039 3759 1094 3815 Sed
1111 3774 1164 3815 nee
1180 3759 1209 3815 in
1233 3760 1392 3815 osrtemine
1415 3758 1603 3830 porvulorum
1628 3760 1658 3816 iu
1683 3765 1765 3818 utero

69 3848 343 3923 hesitens,quendo
354 3849 483 3923 glndium
495 3849 525 3905 io
534 3848 671 3921 jugulum
683 3848 736 3905 lilii
747 3849 890 3921 evaginet.
944 3847 1039 3924 gretie
1052 3848 1154 3917 deluit,
1169 3847 1218 3920 qui
1234 3848 1364 3904 nondum
1380 3847 1460 3917 editi,
1477 3852 1624 3906 certamen
1639 3850 1765 3906 duorum

67 3938 166 3996 Vincit
176 3945 330 4014 paternum
346 3941 479 3997 ellectum
491 3939 652 3996 elleoiusiu
665 3944 754 3996 Deum
765 3960 772 4009 ;
785 3941 891 4012 etquie
945 3936 1120 4011 populorum
1136 3937 1311 4008 preludunt,
1332 3937 1410 3993 etde
1426 3936 1554 4008 primetu
1570 3939 1760 3994 contendunt:

68 4034 161 4086 Deum
177 4032 291 4088 Putrem
307 4032 447 4103 egnosoit,
465 4035 576 4102 petrem
593 4046 624 4086 se
635 4046 699 4086 esse
710 4029 812 4085 nescit.
827 4030 891 4086 Stet
944 4032 973 4085 et
987 4029 1087 4101 gretie
1102 4034 1155 4093 est,
1172 4027 1249 4100 quod
1265 4027 1339 4083 ulter
1354 4027 1478 4083 alterurn
1495 4030 1624 4099 superet,
1642 4027 1694 4099 qui
1712 4044 1765 4085 nee

68 4119 168 4194 ileque
181 4125 294 4177 exserto
310 4120 440 4186 brechio,
457 4120 492 4176 ed
509 4120 705 4177 obediendum
722 4125 891 4193 promptus,
943 4119 1024 4185 boni,
1039 4133 1093 4175 neu
1106 4116 1174 4174 meli
1190 4117 1349 4190 quidquem
1363 4120 1472 4189 egeret.
1490 4117 1620 4181 Quorum
1638 4115 1687 4189 qui
1703 4133 1759 4190 po-

67 4208 163 4266 fldslis
181 4209 889 4283 lemulus:etelsuperrictimemsuemsecerdos
944 4207 1050 4263 sterius
1067 4205 1209 4276 nescitur,
1225 4206 1313 4278 priori
1330 4206 1481 4276 praelertur
1504 4222 1510 4262 :
1536 4222 1662 4279 quorum
1687 4205 1763 4263 elter

66 4299 200 4368 devotus,
216 4299 538 4357 certissimeeuulidees
549 4300 626 4371 qued
638 4298 733 4355 hostie
744 4315 797 4356 sue
808 4302 889 4354 tento
943 4295 1020 4353 domi
1037 4294 1158 4366 hebitet,
1175 4302 1204 4353 et
1229 4295 1284 4351 sub
1308 4294 1435 4351 eulmine
1462 4295 1641 4369 protegentis
1665 4296 1764 4370 gretie

66 4392 146 4446 esset
159 4387 218 4445 Deo
233 4389 388 4461 acceptior,
404 4394 514 4461 quanto
531 4387 587 4445 sibi
604 4386 681 4444 unici
699 4386 749 4442 lllii
765 4386 886 4445 edoctus
906 4414 928 4479 D
943 4388 1065 4454 tutetur,
1077 4383 1230 4441 ulterioris
1242 4389 1376 4457 regetur,
1389 4385 1458 4441 dum
1471 4385 1763 4456 desemineAbrehm‚

66 4478 192 4535 dulcior.
206 4478 229 4534 0
245 4479 327 4534 beete
341 4479 498 4547 Abraham,
510 4477 618 4550 quibus
632 4479 659 4532 ts
674 4475 813 4532 leudibus
823 4476 888 4533 elle·
943 4475 978 4531 ds
991 4472 1192 4531 observetions
1206 4477 1329 4547 eccepto
1345 4473 1430 4547 legis,
1448 4475 1484 4531 de
1499 4475 1612 4532 diverso
1628 4474 1685 4531 ritu
1707 4492 1764 4531 ee·

67 4584 129 4624 rem
140 4567 155 4622 i
165 4569 226 4636 Quo
238 4574 264 4624 tc
275 4567 417 4641 preconio
430 4565 890 4640 magnificem?ileritocoustitu·
943 4562 1154 4631 remouisrum,
1166 4563 1201 4620 de
1215 4561 1341 4621 victimis
1352 4564 1526 4631 hostiorum,
1540 4569 1571 4620 ut
1580 4563 1765 4636 evangelicus

65 4659 117 4714 tus
132 4673 163 4713 es
177 4662 259 4729 peter
273 4654 431 4713 mulierum
446 4655 589 4729 gentium,
604 4654 634 4711 ln
648 4656 733 4729 eujus
755 4656 811 4713 lide
823 4657 888 4713 lun·
944 4653 992 4712 ille
1008 4652 1169 4711 Pheriseus
1185 4654 1262 4727 epud
1278 4670 1310 4712 ss
1324 4653 1456 4711 tumidus
1472 4652 1624 4727 glorietur.
1642 4656 1680 4709 De
1695 4669 1764 4725 que

66 4744 545 4803 deteestmultitudocredentium.
556 4744 891 4811 Ouidinuucenslseeoi
943 4762 1008 4803 rum
1024 4742 1145 4802 elterius
1156 4743 1309 4809 electione,
1327 4742 1446 4799 ulterius
1455 4741 1670 4815 reprobatione,
1685 4746 1763 4815 epo-

66 4836 142 4904 Quid
157 4834 346 4907 receptabilis
359 4833 539 4891 Deoviclime
549 4833 564 4888 l
575 4833 638 4891 Non
650 4834 819 4907 reluctetur,
829 4852 888 4893 non
943 4831 1208 4907 stolusepostolioe
1219 4831 1391 4905 eloquentis
1403 4831 1491 4887 lluvio
1503 4831 1663 4903 inundans,
1674 4831 1763 4889 letius

65 4924 242 4994 reesloitret,
253 4940 311 4979 uon
328 4923 511 4991 contradicit,
528 4939 585 4980 non
606 4928 813 4982 remurmuret.
831 4925 887 4983 llx-
943 4924 1132 4995 exsequitur:
1149 4923 1236 4994 culus
1252 4938 1341 4994 super
1356 4921 1403 4977 bis
1419 4921 1593 4977 sententium
1610 4920 1659 4991 qui
1676 4937 1761 4979 nosse

65 5014 158 5071 eultet
174 5030 205 5072 se
219 5013 344 5071 electum
361 5011 589 5079 Deovictimem,
605 5012 713 5086 geudst
728 5013 756 5068 in
773 5030 804 5070 ss
820 5030 887 5088 pro·
943 5013 1098 5082 desideret,
1114 5012 1142 5068 in
1159 5013 1255 5084 ipsum
1266 5012 1343 5084 quod
1357 5009 1479 5085 gloriam
1492 5009 1680 5080 Deiensrret,
1691 5028 1759 5086 epo·

66 5103 164 5163 belem
175 5104 267 5178 petris
277 5102 544 5161 obedientiumsed
553 5102 804 5176 quinimmortelir
814 5104 887 5161 mori
942 5104 1079 5162 stolioum
1094 5102 1199 5159 crolum
1211 5101 1343 5158 intendet
1355 5117 1362 5156 τ
1373 5105 1403 5158 et
1414 5101 1512 5172 ipsum
1523 5100 1612 5157 verbe
1622 5118 1676 5160 sue
1685 5103 1760 5161 iule-

66 5211 122 5252 non
138 5198 265 5269 poteret,
279 5200 307 5250 el
322 5193 464 5266 unigeniti
481 5192 531 5248 Dei
548 5191 672 5264 figurem
688 5193 794 5249 unlous
810 5192 885 5266 petri
941 5197 1059 5251 nentem
1075 5192 1183 5250 erudiet.
1200 5192 1276 5247 liseu
1292 5191 1362 5248 ioris
1379 5190 1509 5260 reustui,
1526 5192 1612 5262 queei
1638 5195 1761 5267 pmprie

66 5284 145 5342 lseee
159 5282 339 5356 prelsrebet,
356 5281 433 5337 ddeli
451 5279 560 5338 iemulo
571 5281 694 5356 augelus
710 5281 746 5338 de
760 5281 831 5339 orele
844 5284 885 5339 in·
933 5281 1057 5356 justitie
1072 5281 1269 5342 insedentem,
1287 5285 1407 5351 peteme
1420 5277 1562 5336 cheritets
1578 5280 1658 5339 lseeo
1669 5286 1759 5339 eruet:

62 5372 181 5444 elemst,
197 5372 278 5430 nein
294 5386 421 5444 puerum
438 5387 558 5427 menum
574 5372 720 5428 extendet.
746 5373 799 5427 sed
816 5389 883 5444 pro·
937 5370 1026 5428 ,leoob
1048 5372 1146 5426 eutem
1169 5367 1241 5424 nibil
1266 5368 1300 5424 de
1325 5384 1355 5424 se
1377 5372 1603 5440 presumentem
1628 5371 1758 5428 Rebeeoe

61 5461 151 5538 pbste
163 5460 340 5536 propheticis
356 5464 420 5533 post
433 5462 550 5532 tergum
565 5459 596 5514 ln
613 5459 726 5517 iuturus
742 5464 817 5516 retro
830 5476 882 5535 ge·
937 5464 1070 5518 meterne
1084 5456 1236 5515 dulcedine
1251 5458 1331 5514 intus
1347 5458 1431 5529 levet,
1450 5459 1532 5516 lseec
1546 5460 1576 5516 in
1590 5460 1755 5534 typumiu·

62 5554 229 5615 nerstiones
247 5550 372 5609 reductis
395 5547 497 5620 oeulis,
523 5547 643 5607 srietem
670 5548 746 5608 inter
769 5565 880 5622 repres,
936 5548 1011 5609 dulci
1028 5547 1756 5626 popullprimogenitumbenediceredisponit,rsd
