3788 6000
89 208 169 275 toci
586 201 618 263 S.
641 196 877 264 substitutis
897 192 1024 257 ABBAS
1045 190 1216 256 cisilittc.
1238 190 1293 254 Ill.
1740 181 1804 245 till

89 345 200 416 veritis,
216 344 272 401 boo
288 343 425 398 sanctum
455 334 639 410 propositum
666 349 780 392 servare
808 335 916 389 etiuno
930 332 959 400 Α
973 325 1145 402 regulariter
1159 327 1278 385 lirmsre
1292 323 1383 394 tecit3
1408 322 1510 396 eisque
1540 316 1688 380 Ecclesia
1715 315 1802 376 illato
1838 350 1841 369 .

91 434 308 501 consuluimus,
324 435 398 490 etot
426 429 459 487 in
488 428 543 486 lieo
573 426 763 501 perseveretis
782 422 913 497 precipi-
967 417 1116 477 abbatiam
1132 417 1272 476 canonice
1286 413 1487 490 etapostolioe
1515 408 1708 473 auctoritate
1736 424 1806 467 eres·

92 543 172 596 mue,
188 529 216 585 et
245 520 417 582 auctoritate
445 518 605 593 apostolica
632 535 683 591 per
703 515 793 590 sigilli
822 511 915 572 nostri
969 509 1062 566 condo
1076 507 1216 568 surrexit.

94 617 320 693 impressionem
336 614 367 671 in
383 614 556 687 perpetuum
571 609 791 666 couiirmumue.

129 731 144 762 a
160 708 242 766 lllam
257 722 326 763 vero
341 702 553 778 professionem
588 715 674 774 quam
703 699 756 756 teci
782 697 812 754 in
841 713 916 769 pros·

92 801 188 861 sentia
200 804 297 857 vestra
311 797 342 854 in
358 794 541 854 Moliemensi
568 791 756 863 monasterio,
783 791 917 848 eamdem

93 890 305 966 professionem
320 891 349 945 et
369 887 561 944 stabilitatem
577 884 720 941 conssrmo
747 897 843 939 corani
859 881 916 939 lieo

94 989 124 1040 et
136 981 247 1041 sanctis
258 981 331 1052 ejus,
343 978 373 1035 in
389 994 478 1034 manu
491 980 586 1033 vestra
606 990 653 1030 ms
679 977 870 1043 servaturum,
887 973 916 1028 in

93 1073 227 1131 hocloco
244 1071 292 1143 qui
322 1072 442 1125 vocetur
470 1066 582 1125 Novum
608 1063 815 1121 bionnsterium
844 1063 917 1133 (itti

95 1161 329 1220 subcbedicntia
344 1162 440 1217 vostra
468 1162 498 1213 et
523 1169 728 1213 successorum
752 1157 916 1211 vestrorum

94 1253 177 1312 vobis
191 1250 365 1324 regulariter
383 1244 691 1305 substituendorum.»

407 1354 523 1411 caini
552 1355 602 1413 lll.

94 1446 223 1517 Egressus
238 1440 436 1498 monachorum
453 1435 674 1493 cisterciensium
695 1435 729 1493 de
743 1435 875 1507 ilelitiuo,
892 1438 919 1490 ct

262 1529 359 1570 eorum
374 1509 408 1567 od
424 1507 584 1565 cistercium
601 1508 743 1565 aduentus.

134 1604 280 1671 Posthac,
298 1601 349 1659 tali
364 1617 397 1658 uc
414 1604 505 1668 tanta,
518 1598 684 1655 antedictus
712 1598 803 1655 abbas
819 1601 847 1654 cl
862 1597 917 1667 sui,

98 1694 271 1752 auctoritate
285 1690 532 1759 ireti‚Molismum
546 1691 706 1759 redierunt,
721 1689 795 1747 atde
810 1687 860 1747 illo
875 1706 920 1747 re·
934 1718 958 1786 B
1284 1672 1400 1732 CAPUT
1428 1671 1477 1729 Vl·

99 1782 205 1856 ligloso
221 1782 344 1840 fratrum
358 1780 480 1853 collegio
508 1780 603 1837 socios
631 1784 730 1836 votum
760 1780 788 1836 in
809 1779 920 1853 llegula
1010 1760 1769 1838 Eili'il‘iia‘stillim'itallssllmi'i‘stilimb‘l'li“bimi-
1833 1822 1838 1835 ‚

100 1871 413 1946 babenteeelcgcrunt‚
430 1871 471 1927 ita
483 1873 516 1926 ut
531 1871 662 1926 intereos
679 1870 729 1941 qui
741 1868 835 1942 legato
858 1871 920 1926 Lu·
1011 1870 1731 1947 «urbanus(136)episcopus,servueeervorum
1747 1869 1799 1939 bei,
1834 1862 1838 1881 ²

99 1963 191 2037 gdnni
206 1964 319 2019 luerunt
330 1961 429 2031 locuti,
444 1965 473 2018 et
486 1960 611 2034 illosqui
636 1961 671 2016 dc
682 1960 812 2017 coenobio
827 1961 920 2017 uocati
975 1962 1262 2021 venerabililratriet
1272 1964 1443 2036 coepiscopo
1454 1961 1749 2055 lingoniappstolies
1759 1977 1799 2017 ee·

99 2056 179 2122 sunt,
192 2054 295 2127 viginti
307 2058 335 2110 et
347 2069 423 2110 unus
434 2052 569 2109 monachi
580 2055 687 2118 essent,
703 2049 922 2124 taliquestipati
976 2054 1022 2112 dis
1037 2053 1154 2123 vicario,
1172 2053 1297 2112 salutem
1313 2052 1542 2126 etapostolicam
1555 2050 1798 2109 benedictionem.

97 2147 236 2204 comitutu
251 2146 289 2202 ad
299 2162 430 2203 cremum
440 2162 503 2217 qus
514 2142 846 2209 cisterciumdiccbatur,
860 2141 921 2199 ala·
976 2143 1208 2202 biolisiueoeium
1224 2144 1348 2201 iretrum
1365 2158 1506 2217 magnum
1518 2142 1687 2199 clamorem
1698 2140 1799 2213 accepi·

98 2237 393 2294 critcrtetendarnnt.
411 2234 466 2299 Oui
480 2234 563 2291 locos
574 2234 603 2289 iu
621 2233 788 2307 episcopatu
813 2231 923 2289 cabito-
977 2252 1045 2292 mue
1058 2235 1088 2293 iii
1104 2234 1239 2303 concilio,
1256 2234 1371 2291 abbatie
1385 2234 1432 2291 eui
1448 2234 1577 2291 reditum
1600 2230 1800 2290 vehementius

100 2328 182 2384 usnei
194 2328 311 2395 situs,et
324 2344 379 2398 pras
389 2325 517 2382 nemoris
527 2325 740 2397 spinarumque
766 2326 834 2379 tunc
847 2327 923 2378 tem·
977 2325 1240 2397 expostulantium,
1255 2323 1393 2382 Dicebant
1407 2323 1485 2380 enim
1505 2323 1684 2397 religionem
1706 2323 1738 2379 in
1751 2338 1796 2379 sno

101 2418 180 2491 poris
191 2416 482 2489 opacitate,acceseui
494 2412 803 2482 bominuminsolitus,
819 2430 837 2470 a
851 2412 923 2471 eolis
978 2414 1040 2473 loeo
1053 2432 1195 2484 eversam,
1211 2430 1302 2491 seque
1331 2431 1383 2490 pro
1413 2414 1528 2473 abbatie
1557 2414 1641 2472 illius
1662 2413 1798 2479 absentia,

970 663 1051 734 occe
1065 663 1258 723 notamus
1271 576 1499 720 mimimo
1517 658 1636 718 aaut
1663 672 1748 733 pape
1758 672 1803 733 ,a

1099 738 1196 795 reditu
1211 736 1322 795 noterit
1335 735 1441 792 obbatis
1456 733 1676 806 inquietarunt.

1007 845 1100 919 Igitur
1111 843 1191 903 haud
1207 844 1298 901 multo
1314 842 1414 915 elapso
1429 841 1572 916 temporie
1594 839 1712 915 spatio,
1726 838 1799 897 ticli·

971 951 1105 993 emensee
1117 933 1251 994 monachi
1259 931 1514 991 voluntatedomoi
1522 929 1681 989 Godelridi
1691 929 1797 987 abbatii

972 1026 1019 1083 sui
1034 1026 1084 1098 qui
1100 1025 1226 1084 lieberto
1242 1028 1434 1087 successerat,
1463 1021 1628 1079 Dominum
1657 1020 1797 1079 ilrbeuum

972 1133 1078 1189 papam
1098 1119 1197 1173 Romae
1225 1116 1366 1172 adeuntes
1395 1112 1544 1187 postulare
1573 1115 1745 1185 coepsrunt,
1770 1114 1795 1166 ot

972 1207 1146 1280 sepedictus
1162 1206 1306 1264 liebertus
1321 1204 1352 1262 lo
1367 1204 1465 1263 locum
1482 1204 1648 1276 pristinum
1670 1202 1796 1261 restitue·

973 1301 1052 1355 retur
1068 1313 1076 1353 ι
1093 1312 1218 1370 quorum
1233 1294 1455 1370 importunitate
1484 1297 1583 1352 iiiotue
1617 1309 1699 1368 papa
1722 1308 1796 1351 mau-

973 1386 1051 1445 davit
1064 1386 1160 1461 legato
1175 1402 1241 1454 etio,
1254 1384 1414 1443 venerabili
1429 1384 1541 1442 ecilioet
1568 1382 1705 1456 Hugoui,
1721 1386 1754 1439 ut
1773 1381 1794 1438 si

973 1477 1036 1535 lieri
1051 1481 1160 1550 posset,
1177 1477 1256 1533 idem
1271 1476 1363 1534 abbae
1378 1477 1581 1539 reverteretur,
1611 1477 1645 1529 et
1666 1469 1794 1531 monachi

974 1567 1128 1626 eremitam
1144 1566 1300 1640 diligentes
1315 1565 1346 1622 in
1360 1581 1431 1638 pace
1446 1563 1656 1622 consisterent.

100 2505 169 2561 ieris
183 2504 415 2561 inhabitabatur.
424 2502 563 2575 Adquem
577 2502 630 2559 viri
643 2501 692 2560 Dei
704 2503 862 2567 venientes.
880 2501 923 2559 lo·
977 2504 1044 2562 odio
1058 2506 1133 2578 apud
1150 2504 1297 2578 principes
1312 2508 1341 2562 st
1354 2510 1473 2561 ceteros
1486 2503 1600 2561 vicinos
1623 2502 1740 2561 haberi.
1752 2503 1797 2560 Co

98 2605 226 2662 cumque
237 2589 321 2646 illum
337 2593 416 2646 lenio
432 2588 564 2663 religioni
581 2606 669 2662 quom
686 2589 922 2661 cuimojttmjtm
978 2594 1035 2652 acti
1050 2596 1169 2653 tandem
1184 2614 1201 2652 a
1215 2594 1356 2653 iratribus
1371 2595 1480 2653 nostrie
1496 2593 1653 2651 dilectioni
1681 2596 1737 2651 tus
1752 2609 1795 2666 per

102 2686 305 2753 conceperunt,
322 2689 348 2737 et
364 2686 483 2754 propter
497 2678 665 2754 quemilluc
681 2681 859 2738 advenerant
869 2679 921 2736 he·
978 2686 1135 2759 praesentia
1149 2686 1259 2759 scripta
1274 2683 1677 2759 mandemue,eigniiicentee
1690 2689 1797 2759 gratum

99 2769 372 2843 biliorem,quanto
401 2772 589 2830 secularibus
617 2771 871 2844 despicabiliorem
894 2775 924 2828 et
979 2775 1064 2833 nobis
1081 2776 1213 2843 existere,
1246 2784 1287 2848 ut,
1313 2776 1339 2834 si
1368 2776 1431 2832 lieri
1460 2774 1680 2849 possit,abbae
1707 2772 1799 2832 illeab

98 2861 701 2935 inaccessibilemintelligentes:nemoris
713 2862 923 2936 spinarumque
978 2881 1076 2924 eremo
1093 2867 1128 2924 ad
1145 2881 1231 2924 suum
1247 2865 1459 2923 monasterium
1488 2864 1661 2923 reducatur.
1678 2864 1758 2931 Quod
1780 2862 1799 2919 ei

99 2952 241 3008 densitate
257 2952 378 3025 proicies
394 2970 427 3010 ac
443 2958 566 3023 remota,
579 2953 789 3011 monasterium
814 2951 922 3010 ibidem
978 2957 1291 3032 implerenequlverie,
1321 2974 1397 3015 cure
1424 2956 1479 3014 tibi
1509 2957 1560 3029 eit,
1578 2962 1610 3015 ut
1627 2958 1724 3032 etqui
1743 2973 1796 3015 eie·

99 3041 248 3100 voluntate
268 3044 473 3103 cabilonensis
493 3044 633 3120 episcopi,
662 3051 692 3103 et
718 3061 862 3103 consensu
882 3045 924 3119 ip·
938 3096 960 3162 c
980 3046 1205 3122 mumdiliguni
1235 3047 1456 3120 conquiescant,
1484 3049 1513 3103 et
1542 3047 1595 3119 qul
1620 3046 1654 3105 in
1676 3045 1798 3104 cmuobio

99 3134 163 3194 eius
180 3136 266 3209 eujus
281 3136 345 3210 ipee
359 3135 441 3194 locus
456 3142 528 3210 erat,
543 3142 713 3195 construere
727 3142 886 3211 oeperunt.
981 3142 1051 3194 sunt
1066 3136 1251 3211 regularibus
1266 3136 1431 3211 disciplinis
1446 3135 1620 3193 inserviant.
1635 3159 1652 3190 i»
1669 3136 1721 3194 llis
1739 3153 1800 3211 apo·

138 3229 212 3284 Nam
228 3227 277 3283 isti
287 3227 340 3284 viri
347 3228 424 3301 apud
434 3227 603 3286 Moliamum
614 3227 924 3303 adbucpoeiti,stspiue
978 3225 1090 3284 stolicis
1105 3226 1209 3284 litteris
1224 3225 1318 3298 lectis,
1333 3225 1449 3301 legatus
1476 3224 1555 3283 viros
1570 3225 1762 3284 authenticos
1776 3228 1799 3281 ei

99 3316 178 3373 inter
188 3333 219 3374 ee
230 3316 280 3374 Dei
296 3318 390 3390 gratia
404 3318 537 3392 aspirati,
553 3318 590 3377 de
617 3318 850 3393 transgressione
869 3317 924 3375 lte·
978 3317 1133 3391 religiosos
1148 3317 1329 3385 convocavit,
1346 3317 1426 3374 etde
1443 3314 1579 3391 praesenti
1594 3317 1717 3392 negotio
1744 3332 1800 3390 que

103 3407 179 3479 gulae
193 3407 268 3463 beati
282 3407 531 3466 Benedictil’atrie
545 3407 925 3482 monachorumloqueban·
979 3408 1081 3466 subter
1095 3410 1165 3466 eunt
1180 3412 1299 3466 exarata
1314 3406 1456 3465 delinivit.

101 3501 162 3565 tur,
183 3497 445 3568 conquerebantur,
462 3497 719 3569 contristabantur,
746 3497 878 3555 videntes
893 3513 925 3555 ee
1281 3514 1400 3573 ggpup
1428 3515 1490 3577 vn,

102 3589 281 3686 ceterosque
293 3585 539 3643 monsobosbano
561 3586 703 3660 ltegulam
726 3588 847 3647 solemni
864 3605 926 3660 prn-
978 3624 1125 3684 „comum
1137 3625 1222 3698 ,wau
1235 3625 1269 3684 de
1279 3633 1331 3684 mo
1346 3625 1460 3699 novom
1484 3625 1707 3685 mmm
1729 3632 1802 3700 mu

103 3675 231 3733 sessione
253 3681 418 3736 servaturos
446 3677 627 3750 promisisse,
656 3695 780 3754 eamque
805 3679 925 3738 minime
1272 3698 1504 3756 mmmmm,

102 3770 278 3841 custodisse,
291 3778 319 3829 et
334 3776 450 3846 propter
464 3772 530 3847 hoc,
544 3775 586 3831 uti
601 3774 828 3848 prelibavimus,
857 3793 926 3849 epo·

161 3860 167 3872 .
278 3864 282 3874 ,
391 3863 396 3874 .
513 3863 519 3876 ,
772 3866 841 3878 ,,
1017 3829 1032 3859 a
1046 3807 1128 3881 liugn
1144 3805 1350 3881 Lugdunensis
1365 3804 1500 3865 Ecclesia
1526 3823 1643 3878 serius,
1664 3805 1800 3866 charissi-

103 3858 210 3919 stolica
221 3863 301 3920 sedis
311 3861 398 3936 legati
410 3867 581 3921 auctoritate
591 3865 627 3921 ad
638 3864 715 3923 hano
725 3864 924 3938 solitudinem,

979 3914 1028 3956 mo
1042 3897 1125 3955 tratri
1150 3897 1277 3954 lieberto
1302 3895 1530 3970 lingonensium
1558 3896 1713 3971 episcopo,
1728 3896 1801 3954 edu-

978 3993 1048 4046 tem.
1069 3986 1144 4054 Quid
1173 3988 1210 4044 de
1237 3987 1355 4060 negotio
1381 3986 1581 4045 Mollemeosie
1610 3987 1750 4046 Ecclesiae
1775 3987 1801 4044 ir

979 4077 1124 4150 colloquio
1141 4076 1219 4150 apud
1236 4082 1352 4149 portum
1368 4076 1486 4134 Ansilla
1503 4092 1597 4151 nuper
1625 4077 1743 4148 habite,
1757 4078 1803 4133 da·

103 3953 136 4007 ut
151 3952 364 4024 proleseionem
378 3970 464 4011 suem
480 3954 663 4014 observantie
678 3960 786 4015 sauctae
807 3956 925 4031 ltegule

103 4040 310 4115 adimplerent,
325 4043 492 4102 veniebant.
507 4044 589 4103 Tunc
603 4046 747 4104 Dominus
761 4045 822 4105 Odo
838 4047 923 4120 (135),

103 4127 163 4186 dux
173 4130 359 4203 Burgundio,
374 4139 476 4191 sancto
491 4134 601 4237 feriore
621 4151 722 4239 eorum
735 4135 924 4239 delectatus,
980 4168 1156 4238 finierimus,
1171 4188 1186 4220 „
1202 4172 1259 4225 eqo·
1278 4166 1345 4226 yffi,
1360 4168 1391 4223 i,
1408 4169 1523 4240 pum,
1543 4167 1744 4239 gavamm,
1757 4168 1805 4224 p..

103 4224 270 4292 sancteque
280 4220 417 4279 Romanis
429 4222 563 4282 Ecclesia
579 4242 743 4299 prescripsi
770 4227 856 4296 legati
876 4225 926 4284 lit·
979 4258 1111 4332 ,quoe
1125 4263 1149 4314 ε,
1164 4256 1270 4327 cml,
1285 4257 1337 4315 tol.
1352 4257 1417 4314 524,

103 4308 175 4367 teris
188 4317 319 4384 rogatus,
335 4315 546 4372 monasterium
562 4315 694 4389 ligneum
708 4317 787 4389 quod
803 4316 926 4390 incoepe·

103 4399 229 4468 rent,de
243 4399 306 4458 suis
322 4404 415 4459 tolum
445 4405 668 4475 consummavit,
696 4404 823 4479 illosque
850 4405 925 4463 inibi
981 4436 1189 4495 (merciam
1204 4436 1240 4494 ab

100 4487 132 4545 in
147 4490 285 4549 omnibus
301 4493 459 4552 necesariis
471 4494 522 4552 diu
539 4493 715 4567 procuravit,
745 4501 775 4553 et
788 4496 875 4554 terris
891 4513 926 4555 ao
940 4484 965 4551 Ι)
981 4525 1163 4584 Molismensi
1178 4526 1241 4584 ¹⁰00
1258 4526 1462 4600 promiserant,
1479 4531 1508 4584 οἱ
1521 4525 1666 4586 dominun
1675 4528 1807 4587 Galum

1016 4347 1081 4404 ileo
1096 4345 1196 4405 omnia
1211 4347 1303 4405 abbae
1318 4344 1807 4417 illelaudavitstleclt,absoleendo

1256 4436 1422 4494 obedientia
1437 4436 1568 4510 quamsi
1594 4436 1629 4494 io
1654 4438 1708 4496 illo
1722 4438 1768 4497 vel
1781 4439 1806 4494 io

103 4582 257 4654 p⁰⁰⁰rih¹¹³
272 4585 389 4643 ⁸b⁰⁰d⁰
403 4587 575 4646 ⁸⁰b¹⁰‘'⁸vi²·
980 4615 1185 4676 cabilonensis
1201 4616 1357 4691 epiecopus
1371 4615 1508 4674 abbatem
1523 4633 1542 4675 a
1555 4633 1630 4676 eura
1660 4618 1746 4676 illiue
1760 4618 1807 4676 lle·

424 4696 542 4754 CAPUT
570 4696 617 4755 lV·
980 4705 1077 4765 clesiae
1092 4704 1341 4764 liberumdimieit
1352 4723 1360 4777 ς
1373 4705 1474 4780 sicque
1484 4721 1622 4765 reversos
1633 4712 1694 4781 est,
1710 4706 1808 4782 etqui·

176 4793 311 4863 Quomodo
327 4795 400 4852 locus
414 4795 463 4852 ille
478 4798 507 4853 iu
522 4796 663 4854 abbatiam
676 4800 843 4858 surrexerit.
981 4797 1048 4855 dam
1065 4795 1200 4854 monachi
1216 4812 1284 4854 eutii
1299 4795 1404 4871 eo,qui
1417 4810 1618 4854 eremnmnon
1631 4796 1805 4872 diligebant.

140 4884 925 4963 iisdemtemporeabbaequiadvenerat,sbepiscopo
982 4889 1040 4945 ileo
1068 4903 1137 4961 ergo
1167 4887 1278 4945 ratione
1312 4886 1531 4961 apostolicaque
1574 4887 1806 4962 dispensatione,

104 4970 238 5030 ditsceeie
249 4972 447 5049 illiuevirgem
460 4977 635 5050 pastoralem
646 4994 713 5036 cum
734 4995 804 5036 eura
828 4995 927 5038 mona·
981 4977 1042 5035 iste
1057 4976 1122 5034 duae
1137 4976 1305 5033 abbatissis
1335 4992 1405 5049 pace
1433 4981 1462 5034 et
1480 4975 1617 5034 libertate
1631 4994 1753 5037 summa
1766 4994 1807 5036 re·

104 5060 235 5132 chorum,
251 5064 335 5136 iussu
351 5066 481 5139 predicti
496 5066 583 5143 legati
607 5070 749 5142 suscepit,
765 5070 927 5143 fratresque
981 5072 1161 5128 manserunt.
1178 5069 1304 5126 Rediens
1318 5084 1386 5127 vero
1401 5068 1492 5126 abbas
1511 5083 1614 5126 escum
1641 5086 1698 5144 pro
1726 5077 1805 5131 scuto

103 5152 151 5226 qui
166 5169 267 5213 escum
283 5158 471 5228 advenerant,
487 5157 518 5215 in
533 5159 635 5216 eodem
656 5158 720 5219 loco
735 5159 926 5219 stabilitatem
981 5158 1173 5231 detensionis,
1192 5158 1247 5217 lise
1261 5157 1375 5217 litterae
1390 5158 1526 5233 episcopo
1541 5174 1597 5218 suo
1611 5158 1737 5223 detulit.

140 5301 215 5373 tice)
229 5307 335 5362 Nouum
349 5304 557 5379 nonasterium,
583 5308 613 5365 id
629 5314 674 5368 eet
689 5310 870 5371 cistercium.
981 5310 1010 5364 et
1024 5304 1166 5364 ilenrieus
1181 5306 1245 5379 siue
1259 5302 1339 5363 iiiios
1354 5304 1485 5365 seeundo
1500 5304 1620 5380 genitus
1647 5308 1807 5369 monteboi

104 5440 111 5455 ι
140 5372 281 5460 (135)ΙΗὶο
294 5377 355 5436 Odo
371 5381 565 5452 quadriennio
593 5386 670 5455 poet,
685 5400 753 5443 cum
776 5384 807 5442 in
826 5386 927 5445 Asiam
981 5380 1103 5437 ellectue
1117 5381 1173 5436 eet.

103 5456 147 5499 tre
160 5452 320 5529 cogitasset
335 5459 362 5508 et
377 5453 851 5542 expeditionemadornassetjam
862 5459 926 5532 jam
1016 5451 1091 5535 (liti)
1106 5450 1133 5508 le
1149 5454 1194 5535 eet
1208 5449 1343 5509 Urbanus
1359 5449 1397 5524 ll,
1414 5464 1491 5511 antio
1504 5448 1540 5513 D.
1557 5450 1630 5511 tosa
1645 5468 1685 5515 ox
1710 5455 1809 5519 cedias

103 5523 927 5676 ,ollii
980 5522 1166 5584 ’Μ
1181 5527 1365 5597 Μ
