3796 6000
594 190 699 252 nutu
706 188 824 253 neuls
843 188 1014 252 Asnaus
1036 181 1348 251 sustinendusls
1765 183 1825 243 tes

670 402 856 499 LIBER
890 398 1292 497 DUODECIMUS

168 660 334 718 Extremam
351 660 439 733 hujus
457 662 553 734 operis
568 666 680 735 partem
696 660 871 735 ingredienti
888 676 953 733 pro·
969 659 998 728 Α
1012 661 1097 731 ignis,
1113 659 1236 732 seditque
1249 673 1336 730 supro
1349 655 1836 728 singuloseorurnSpiritusoonctur.

132 751 281 824 pheticum
295 750 365 806 illud
378 752 414 807 de
426 752 619 807 barbatores
635 749 834 807 testimonium
845 750 875 805 in
891 750 954 820 ipso
1008 751 1040 805 Et
1058 751 1155 821 repleti
1171 752 1342 805 contemnes
1362 747 1471 820 Spiritu
1497 750 1589 803 sendo
1609 754 1636 802 cl
1656 745 1839 818 loquebantur

135 858 201 897 niox
218 841 443 912 prefatiunculae
455 840 554 897 lirnioe
565 856 595 896 se
607 840 722 896 obviam
735 839 957 910 tulit,cujusex-
1009 841 1095 895 nortis
1111 838 1229 911 linquis,
1255 846 1339 909 prout
1365 837 1491 909 Spiritus
1518 844 1629 892 sanctus
1650 835 1737 891 dubet
1752 835 1843 905 eloqui

135 928 331 1000 planationem
349 928 438 983 latius
457 928 659 984 disserendam
675 929 704 984 iu
721 927 874 1000 presentis
885 924 958 981 tomi
1010 928 1078 984 illis.
1094 930 1199 983 Factus
1214 932 1259 983 est
1273 932 1390 999 repente
1404 926 1440 982 de
1456 925 1528 982 eolo
1543 942 1645 994 sonus,
1662 924 1734 996 quia
1745 923 1841 996 Spiri-

132 1017 321 1074 latitudinem
334 1018 446 1073 distuli.
463 1025 559 1073 Aaron
572 1017 719 1088 igiturille
731 1017 843 1089 primus
855 1015 884 1069 in
896 1014 959 1086 lege
1009 1021 1058 1071 tus
1078 1020 1197 1072 sanctus
1220 1016 1388 1081 adveniens,
1405 1014 1535 1071 coelestia
1558 1019 1636 1080 sunt,
1654 1028 1719 1085 que
1742 1012 1837 1068 docet.

133 1107 273 1179 pontifex,
286 1106 429 1178 legalibus
442 1107 623 1163 ceremoniis
638 1107 667 1161 in
681 1112 747 1177 typo
759 1106 849 1161 t'uturi
860 1105 959 1159 deser·
1012 1107 1069 1162 late
1082 1108 1127 1161 est
1137 1104 1185 1160 ille
1196 1104 1318 1174 spiritua
1328 1104 1494 1171 vehemens,
1505 1103 1535 1158 iu
1545 1118 1603 1174 quo
1613 1117 1701 1158 naves
1716 1100 1839 1156 Tbarsis

133 1196 328 1268 vieos‚typuru
344 1195 547 1266 Redemptoris
561 1193 839 1267 uostripresiert,cui
851 1191 961 1264 juravit
1014 1197 1156 1256 Dominus
1177 1197 1311 1264 conterit,
1334 1196 1420 1267 cujus
1444 1195 1665 1266 omnipotentia
1688 1193 1734 1249 via
1763 1191 1845 1248 nulla

136 1289 213 1341 Deua
226 1286 321 1352 Pater,
338 1302 391 1340 nee
403 1303 492 1356 super
506 1286 672 1356 jurumenia
686 1301 753 1339 euni
770 1282 889 1353 poenitet
903 1298 909 1337 ε
925 1281 961 1334 Tu
1015 1287 1142 1356 obsistit,
1159 1286 1209 1358 qui
1224 1288 1292 1342 dum
1309 1285 1472 1342 carnalium
1489 1285 1577 1341 cordo
1593 1283 1841 1348 concutit,turrim

137 1389 166 1429 es
179 1374 303 1430 sacerdos
319 1376 346 1428 in
363 1379 497 1430 ,sternunt
516 1373 664 1428 secundnm
677 1374 807 1428 ordinent
822 1370 963 1427 ttetcttse·
1016 1375 1378 1448 superbioeatqueomnem
1391 1377 1569 1430 structuram
1582 1373 1691 1443 peccati
1703 1387 1721 1428 a
1734 1370 1843 1427 tunda-

139 1462 215 1519 lectu
230 1463 330 1534 Neque
345 1463 422 1519 enim
441 1462 645 1517 necessitatem
671 1461 758 1517 habet
780 1460 910 1533 quotidie
933 1458 962 1513 in
1017 1470 1116 1521 mento
1131 1464 1254 1521 subruit.
1270 1462 1457 1520 Necessarius
1468 1467 1565 1518 autem
1577 1466 1639 1517 erat
1649 1460 1727 1533 ignis
1738 1459 1843 1515 divina

140 1552 234 1608 alieno
247 1552 390 1624 sanguiue
404 1549 580 1622 exemplaria
591 1567 725 1607 verorum
737 1556 839 1605 sancta
851 1554 963 1605 saneto·
1015 1538 1219 1625 inspirationis
1229 1554 1263 1609 ad
1279 1551 1483 1609 resolvendum
1495 1552 1587 1623 trigue
1596 1549 1843 1606 humanainflda-

140 1660 206 1700 rum
231 1644 357 1715 ingredi,
379 1643 428 1715 qui
463 1647 571 1698 eterna
603 1642 804 1712 redemptione
836 1640 971 1698 inventas
1019 1643 1121 1714 litatis,
1133 1650 1165 1699 ut
1177 1642 1432 1715 eordaapostoliea
1445 1641 1568 1698 buusnni
1582 1639 1696 1696 timoris
1708 1638 1845 1712 galatar-

140 1731 231 1789 semel
247 1731 361 1787 introiit
377 1732 406 1786 in
422 1735 534 1801 sanata,
552 1731 682 1802 pontifex
700 1732 794 1786 laetus
810 1735 839 1785 et
853 1730 966 1799 hostia,
1021 1734 1119 1807 pontia
1134 1732 1226 1788 divini
1246 1731 1356 1788 amoris
1371 1731 1524 1787 flamniam
1541 1730 1741 1802 conciperent,
1756 1744 1790 1785 ue
1808 1728 1849 1784 sie

140 1821 189 1894 qui
205 1820 288 1878 solus
303 1837 333 1876 ¹1¹
345 1820 474 1875 humano
486 1835 591 1892 gentle
606 1820 753 1885 inveniti,
764 1820 793 1874 in
810 1820 872 1875 suis
886 1818 968 1874 1⁰⁰0·
1022 1824 1131 1880 donum
1148 1822 1233 1879 alieni
1249 1822 1356 1878 erroris
1383 1819 1521 1891 stipulam
1538 1818 1648 1892 linguis
1670 1817 1768 1891 igneis
1779 1833 1850 1873 exu-

139 1926 207 1966 ceus
226 1910 261 1965 ad
280 1909 479 1965 exhaurienda
494 1910 589 1964 aliena
605 1907 818 1964 delictabostia
829 1908 923 1963 iactus
935 1922 970 1962 ex
1024 1920 1128 1968 rorent.
1146 1911 1219 1975 Quia
1233 1927 1302 1983 ergo
1314 1910 1372 1965 lime
1383 1909 1526 1981 patranda
1541 1913 1625 1965 erant
1639 1908 1769 1979 Spiritus
1783 1923 1850 1963 aui·

138 1998 244 2055 idonee
257 2004 345 2070 atque
363 1997 526 2053 suisseiens.
538 1999 597 2053 Nee
608 2012 725 2053 necesse
739 1995 828 2051 habet
836 1995 966 2067 pontifex
981 2029 1005 2095 B
1023 2000 1059 2055 eti
1082 2001 1207 2056 adventu
1222 2003 1250 2055 et
1265 1999 1369 2071 gratia,
1395 1998 1423 2053 in
1448 1997 1560 2070 linguis
1587 1997 1683 2069 igneis
1709 1996 1794 2053 visus
1808 1998 1851 2051 eat

34 2160 37 2165 1
140 2083 965 2159 nosterpropopulisuiignorantiualienumsanguinem
1022 2089 1188 2160 invisibilia,
1211 2094 1244 2144 ut
1268 2091 1483 2144 monstraretur
1508 2104 1543 2142 ex
1568 2086 1656 2143 rebus
1681 2084 1850 2142 visibilibus

142 2176 274 2243 sundere»
285 2176 335 2246 qui
349 2174 439 2230 ῑῡῑῑΰθ
455 2175 557 2228 mundi
571 2174 675 2229 dilicta
685 2174 840 2246 Sanguinis
851 2174 967 2245 wipre-
1021 2180 1091 2252 quid
1103 2180 1182 2235 intus
1193 2183 1301 2250 egerat,
1314 2176 1364 2250 qui
1375 2176 1532 2232 advenerat
1543 2174 1702 2232 invisibilis
1713 2174 1849 2247 spiritus.

143 2265 183 2320 tio
197 2264 357 2328 estimans,
369 2261 454 2334 longe
467 2263 562 2319 nosue
577 2263 776 2334 supereminet
791 2269 879 2334 atque
895 2278 966 2333 prs·
1023 2269 1132 2326 ustura
1147 2283 1273 2337 namque
1288 2266 1366 2339 ignia
1385 2266 1490 2333 exurit,
1512 2265 1677 2321 inflammat
1692 2268 1721 2320 u
1741 2262 1849 2319 illumi-

144 2351 509 2424 ponderatssonsumniata
520 2350 968 2422 igiturinaracrucisbostiaro·
1023 2360 1083 2412 nat,
1100 2359 1187 2413 Amor
1202 2362 1299 2412 auten]
1315 2354 1430 2425 Dei,qui
1446 2354 1582 2425 igniscat
1598 2350 1852 2419 devorans,esurit

146 2439 333 2512 demptionis,
348 2438 379 2494 in
403 2439 468 2511 ipsa
491 2442 657 2495 sanctorum
680 2445 782 2495 saneta
797 2437 921 2507 introiit,
936 2452 970 2493 aa
1024 2446 1119 2509 noxia,
1137 2445 1299 2500 inflammat
1315 2442 1422 2516 golida,
1438 2442 1587 2498 illuminat
1600 2441 1765 2498 tenebrosa.
1779 2442 1852 2496 Esu-

144 2528 239 2586 vultui
254 2527 411 2585 neironis
426 2527 597 2601 propitiator
613 2545 664 2600 pro
680 2529 764 2585 nobis
779 2529 882 2597 astitit,
895 2528 970 2584 enti·
1025 2535 1062 2591 rit
1075 2540 1200 2590 veteram
1214 2534 1438 2589 neminemnam
1452 2532 1589 2588 sordibus
1606 2529 1851 2599 suisinflnmmat

145 2617 971 2691 quamservicontumaciamperspontnnearniitiiexpians
1024 2628 1170 2694 torporem
1192 2621 1325 2677 hurnnnos
1340 2621 1563 2686 imbecillitatis,
1582 2619 1732 2676 illuminat
1746 2634 1848 2683 nenos,

147 2706 429 2772 ῡὺθᾰὶθῡῒῑᾶῐΰΩὓΜ
446 2707 526 2761 essim
541 2708 706 2778 etvetthd
719 2705 971 2763 clementitsimut
1026 2729 1058 2768 ec
1075 2712 1185 2767 reducit
1200 2712 1229 2766 in
1245 2711 1321 2765 viam
1336 2709 1466 2765 veritatis
1480 2724 1628 2764 erroneos.
1646 2708 1727 2780 lgoia
1749 2707 1850 2778 itaque

146 2795 297 2851 Paternon
309 2794 483 2867 ignosceret,
494 2796 757 2869 eumunigenitum
772 2797 972 2853 Filiumsuum
1027 2806 1082 2858 rste
1103 2799 1252 2868 salutaris,
1269 2799 1319 2854 ubi
1335 2798 1424 2854 eorda
1443 2797 1656 2869 discipulorum
1680 2797 1799 2862 invasit,
1816 2795 1851 2851 ad

148 2888 299 2957 premisso
315 2884 455 2941 libamine
475 2884 621 2955 passionis
636 2902 694 2940 suae
710 2901 762 2958 pro
779 2885 837 2942 reis
858 2882 970 2956 suppli·
1028 2889 1239 2962 perhibendum
1260 2887 1461 2943 testimenium
1487 2884 1592 2940 Christi
1608 2884 1722 2940 lucibus
1743 2884 1853 2940 amoris

149 2978 263 3029 centem
274 2976 404 3031 cerneret
414 2972 428 3027 ‘l
437 2973 528 3043 cujus
537 2972 635 3029 delicti
649 2973 825 3046 supplicanti
837 2973 973 3030 Filionon
1028 2978 1232 3041 inflammavit,
1245 2980 1273 3032 et
1286 2992 1320 3031 ne
1332 2974 1468 3048 praeconii
1485 2973 1594 3031 Christi
1607 2990 1707 3030 exsors
1718 2989 1851 3029 remane·

147 3063 975 3136 indulgeretveuiam,oumquaeamdemabeeternopossi·
1030 3066 1377 3138 retbarbarieagentium,
1387 3072 1504 3135 accepto
1515 3064 1618 3134 spiritu
1630 3078 1782 3135 precones
1790 3061 1856 3118 fidei

148 3152 973 3225 detvoluntatem,eamdemquesubstantiamlQuomodo
1030 3157 1140 3229 linguis
1156 3155 1317 3228 loquuntur
1332 3153 1474 3209 omnium.
1491 3155 1514 3208 0
1528 3151 1661 3207 miranda
1677 3153 1705 3207 in
1722 3151 1855 3207 docendo

148 3241 301 3316 Unigenito
310 3259 364 3299 suo
374 3241 574 3298 haereditatem
586 3259 671 3299 suam
681 3242 782 3315 iniqua
792 3246 976 3316 praereptam»
1032 3245 1159 3319 epiricus
1174 3243 1267 3301 sancti
1279 3241 1469 3314 potentie‚qui
1480 3239 1601 3297 articulo
1618 3241 1707 3297 unius
1717 3240 1798 3297 horae
1807 3240 1855 3296 vix

146 3334 228 3406 inste
243 3332 424 3404 redemptam
439 3330 529 3388 libere
540 3348 598 3387 aon
614 3333 779 3388 restitueret
791 3349 799 3400 ;
811 3331 858 3388 eni
869 3337 898 3388 et
908 3348 974 3388 con·
1032 3336 1161 3407 integre,
1173 3338 1203 3389 et
1212 3348 1326 3389 emnern
1338 3330 1487 3386 veritatem
1504 3327 1665 3398 discipulos
1680 3327 1854 3395 donauerat

151 3435 266 3478 sessum
284 3419 406 3474 dextera
419 3417 581 3473 annueret?
595 3419 764 3475 Gloritioato
780 3420 972 3492 igiturcepite
988 3396 1013 3466 (ἶ
1031 3423 1260 3491 testificandum,
1273 3423 1362 3478 robur
1378 3420 1443 3477 iidei
1456 3428 1542 3492 atque
1554 3419 1644 3476 animi
1654 3420 1853 3477 constantiam

152 3515 355 3579 nostrumque
365 3506 427 3563 oleo
438 3505 641 3562 exsultationis
646 3523 704 3578 pra
716 3507 976 3581 participibuasuia
1029 3513 1158 3571 contorti
1173 3512 1195 3568 0
1215 3509 1419 3569 inestimabile
1433 3510 1553 3578 donum,
1570 3514 1599 3566 et
1615 3509 1854 3582 incomparabilis

152 3600 279 3670 perlusa,
294 3595 385 3651 barba
395 3595 487 3650 nostri
500 3596 613 3662 Aaron,
623 3611 687 3666 quse
698 3597 811 3651 dudum
823 3613 887 3652 rore
897 3595 976 3652 verbi
1030 3601 1139 3676 gratia!
1156 3599 1322 3673 Apostoliea
1337 3597 1452 3668 cohors,
1469 3616 1533 3670 qua
1549 3615 1565 3653 a
1581 3598 1654 3654 iaoie
1666 3599 1793 3655 iurantia
1809 3614 1855 3669 po·

152 3688 274 3758 irrigata
289 3688 463 3750 effloruerat,
480 3682 618 3740 soluturis
639 3683 694 3741 olei
709 3683 860 3741 stillicidio
876 3687 976 3741 inlun·
1030 3692 1091 3765 puli
1109 3677 1244 3762 passione
1261 3686 1375 3743 Domini
1391 3688 1492 3743 territa
1508 3689 1632 3760 ingerat,
1648 3689 1728 3744 stab
1745 3699 1856 3744 metum

153 3776 248 3833 denda
262 3779 336 3843 erat,
354 3781 386 3829 ut
399 3774 491 3829 barba
512 3772 692 3830 circumfusa
708 3773 751 3831 ori
766 3779 906 3846 tauquam
926 3775 977 3830 dn·
1029 3780 1198 3837 ludaeorum
1215 3778 1243 3833 in
1259 3775 1386 3835 conclavi
1409 3775 1610 3845 delitescebat,
1625 3777 1733 3832 virtute
1747 3793 1784 3833 ex
1798 3776 1856 3833 alto

153 3864 276 3922 mastica
287 3863 366 3920 verbi
383 3862 539 3919 defluentis
554 3863 609 3919 olei
626 3863 751 3935 gratiam
763 3864 979 3937 primaexeipe·
1032 3869 1134 3925 induta
1153 3867 1251 3924 subito
1266 3866 1382 3934 amicat,
1399 3870 1428 3921 el
1442 3863 1604 3938 prophetali
1620 3882 1714 3922 euneo
1729 3867 1759 3921 in
1776 3867 1856 3923 testi·

154 3960 209 4025 ret,
225 3953 767 4024 aesiedemuminsubjeetumvestem
780 3952 979 4011 salutarisille
1033 3958 1164 4015 monium
1187 3959 1350 4027 assumpto,
1373 3963 1521 4011 auctorem
1546 3955 1611 4010 vitoe
1635 3970 1701 4012 ease
1720 3971 1791 4012 eum
1806 3955 1855 4028 qui

155 4044 297 4114 seliquas
321 4043 504 4100 diffunderet.
519 4042 577 4099 Nae
593 4043 628 4098 ab
644 4043 698 4098 bae
720 4043 910 4099 inundatione
925 4041 979 4098 olei
1033 4054 1166 4104 mortuus
1186 4045 1290 4113 iuerat,
1306 4043 1398 4099 libera
1419 4043 1604 4099 conlassione
1620 4043 1770 4116 praedicat.
1788 4048 1855 4099 iicon

157 4133 620 4191 sacraenevestimentiimmunis
631 4139 980 4206 remanerepoterat,quoe
1034 4143 1065 4194 ut
1080 4141 1108 4193 at
1122 4135 1194 4192 illud
1210 4133 1376 4191 Salomonis
1390 4132 1525 4201 inieram,
1542 4133 1710 4204 lepusculus
1722 4133 1806 4205 plebs
1815 4133 1856 4189 in·

159 4224 368 4282 lieetextrema
386 4226 478 4276 totius
500 4221 664 4276 vestimenti
686 4222 859 4293 plenitudini
880 4222 980 4277 firma·
1033 4220 1855 4297 vulids,quidadsonitumiugredientiumantespavidus

161 4319 258 4373 mento
282 4319 353 4370 erat.
370 4313 492 4368 barbam
510 4318 606 4368 autem
622 4313 712 4369 nostri
728 4314 874 4386 pontificis
894 4326 983 4385 super
1034 4315 1209 4387 trepidabat,
1234 4312 1283 4367 ubi
1301 4311 1397 4367 cubile
1418 4325 1504 4365 suurn
1524 4309 1554 4366 in
1574 4315 1662 4382 petru
1687 4312 1857 4368 tortitudine

161 4404 302 4478 apostolia
317 4400 520 4474 intelligimus,
537 4405 645 4458 vestem
661 4402 691 4458 in
707 4402 827 4475 reliquis
843 4402 984 4461 eredenti.
1034 4402 1195 4470 collocavit,
1217 4402 1311 4458 instar
1333 4398 1425 4455 leonis
1450 4399 1485 4455 de
1509 4399 1598 4455 cubili
1622 4400 1657 4455 sd
1685 4401 1813 4471 praedam
1827 4399 1854 4453 in

162 4500 228 4567 bus,
244 4499 403 4550 extremam
419 4490 584 4547 vestimenti
600 4507 692 4559 oram,
713 4509 800 4565 super
821 4492 984 4549 hnmilitate
1035 4495 1145 4565 impetu
1166 4491 1299 4564 spiritus,
1324 4490 1401 4545 lame
1423 4488 1516 4544 sancti
1532 4489 1668 4545 desiderii
1690 4494 1856 4563 argenteae

164 4579 850 4654 nostrainterpretariutinamverepossemusl
869 4582 983 4638 Lenite-
1036 4585 1165 4642 suscitat.
1190 4582 1255 4638 lam
1280 4579 1391 4637 nullius
1414 4595 1568 4635 occursum
1592 4582 1708 4652 metuit,
1738 4582 1799 4637 imo
1826 4579 1855 4635 ia

162 4681 221 4733 tem
238 4679 336 4730 autem
352 4670 407 4727 olei
423 4675 510 4740 atque
526 4670 876 4744 pinguedinem,gratiam
892 4673 983 4728 inter·
1036 4686 1190 4729 occursum
1212 4669 1341 4725 hostium
1357 4667 1461 4722 Christi
1477 4668 1615 4723 audacter
1637 4668 1707 4735 ruit,
1722 4667 1855 4726 clamans

161 4775 312 4843 pratamur
330 4765 454 4838 Spiritus
478 4763 581 4832 sancti,
599 4765 650 4837 qui
669 4781 686 4821 a
705 4766 799 4836 capite
816 4767 844 4820 in
860 4763 980 4819 barbam
997 4757 1020 4823 D
1035 4766 1064 4817 at
1093 4760 1224 4831 rugiens,
1248 4756 1425 4815 conuuloaua
1451 4760 1479 4811 et
1507 4756 1731 4814 comminuens:
1758 4775 1793 4814 aa
1815 4763 1857 4814 tot

159 4858 298 4929 defluxit5
319 4855 437 4928 quaudo
452 4870 520 4909 euru
541 4871 557 4908 a
576 4857 660 4909 Patre
674 4852 824 4926 discipulis
841 4853 980 4910 Dominus
1036 4850 1130 4906 millia
1150 4848 1311 4905 bestiarum
1336 4844 1442 4911 saltus,
1464 4843 1525 4900 solo
1541 4845 1658 4918 rugitus
1685 4847 1732 4903 aui
1748 4853 1857 4904 terrore

160 4955 257 5006 nester
271 4947 358 5003 lasus
373 4944 518 5007 Christus,
534 4944 610 4999 sicut
632 4944 814 5016 promiserat,
832 4943 922 4999 misit.
940 4942 981 4998 lta
1036 4946 1179 4998 sternens.
1202 4940 1334 5005 Quantus
1360 4939 1446 5007 putas
1470 4939 1533 4991 arat
1561 4936 1610 4990 ille
1636 4937 1753 5009 rugitus
1783 4935 1856 4994 Petri

158 5039 237 5096 enim
253 5042 282 5095 S.
295 5037 387 5091 Lucus
401 5037 525 5090 Actuum
541 5032 738 5104 apostolorum
755 5033 981 5102 conscriptorde
1035 5029 1232 5104 apostolorum
1258 5026 1408 5099 principis,
1424 5041 1511 5096 quam
1537 5041 1671 5098 magnus,
1688 5043 1780 5100 quam
1800 5034 1856 5084 ter·

159 5131 429 5184 cocummemorat:
443 5122 979 5193 llurncorrtplerenlurdicsPentecostes,
1034 5121 1138 5186 sibilis,
1161 5135 1229 5174 cum
1254 5118 1289 5172 de
1312 5115 1437 5186 Spiritus
1459 5115 1550 5170 sancti
1574 5115 1716 5172 eiiusinne
1733 5118 1770 5173 ad
1790 5133 1857 5174 con·

158 5225 239 5274 erunt
255 5231 345 5270 ornnes
360 5212 492 5284 discipuli
511 5211 616 5284 pariter
628 5215 660 5268 in
674 5212 765 5268 codem
786 5213 981 5283 tumultuatus
1034 5210 1187 5266 fluentium
1209 5223 1243 5263 ac
1267 5203 1449 5277 stupentium
1466 5205 1569 5260 turbas
1586 5204 1687 5262 habita
1706 5209 1857 5276 concione,

158 5301 980 5376 estrepentedecoelesenustanquarnodneuientiospiritus
1034 5303 1089 5356 tria
1111 5296 1202 5354 millia
1224 5295 1387 5351 infidelium
1418 5308 1553 5349 sermone
1583 5295 1696 5363 stravit,
1720 5312 1857 5354 numero·

157 5394 333 5458 volumentis,
349 5403 373 5446 et
388 5394 501 5462 repleuit
515 5400 600 5447 totam
612 5392 723 5447 menum
737 5393 785 5447 ubi
798 5390 978 5447 erantselen·
1034 5406 1091 5462 que
1106 5385 1233 5444 lidelium
1244 5381 1427 5441 corriessione
1442 5381 1571 5439 nominis
1581 5381 1689 5441 Christi
1704 5385 1856 5442 adunavit

149 5492 201 5541 lu.
217 5486 259 5537 El
271 5488 464 5553 apparuerunt
479 5480 538 5535 illis
553 5479 709 5552 dispertite
724 5481 827 5551 lingue
844 5485 978 5553 tanquam
1033 5479 1166 5544 Quantus
1180 5479 1209 5532 et
1224 5473 1272 5530 ille
1294 5472 1420 5546 rugitus,
1436 5471 1554 5546 quando
1575 5472 1709 5532 solidatis
1724 5474 1858 5551 basibus,
