3788 6000
138 230 218 290 tres
629 227 731 290 USUS
753 224 915 288 naumis
937 223 1112 289 ursiano.
1135 260 1175 276 —
1195 228 1296 294 PARS
1319 230 1358 295 ii.
1769 228 1849 302 titt

138 361 257 421 Interim
273 366 366 417 autem
383 358 516 415 minister
530 357 580 414 ilie
596 358 647 431 qui
663 357 847 415 thuribulum
864 357 1009 427 obtulitA
1024 366 1192 433 coopertum
1203 365 1483 438 dioecesaneam,
1496 375 1521 423 et
1532 383 1593 424 cnm
1604 369 1674 440 ipso,
1691 377 1717 424 ct
1731 371 1761 425 in
1774 372 1849 443 ipsos

136 451 294 522 sacerdoti,
309 449 554 507 deieratdiacono
565 456 592 506 et
608 448 788 507 subdiacono
803 464 911 521 uquam
927 448 963 505 ad
1015 453 1044 506 et
1056 461 1191 523 quartam
1203 462 1272 514 ente
1283 474 1364 515 urum
1376 458 1581 531 ipsiuacatioie
1591 458 1661 515 dum
1673 458 1789 529 dixerit,
1800 460 1848 518 Est

136 542 294 599 iurandum
311 557 418 598 manus
430 557 510 596 suas.
522 539 665 597 Sacerdos
680 556 747 597 vero
760 538 911 612 provideat
928 553 963 594 ue
1015 541 1067 597 titi
1082 548 1146 599 Deo.
1160 544 1232 602 Gum
1249 553 1345 604 autem
1357 547 1473 615 dixerit,
1490 548 1693 605 Omnistunor
1706 549 1847 621 cipionis,

136 634 287 701 disjungat
300 630 368 687 iiius
379 629 602 702 digitosquitiue
616 629 701 687 debet
716 634 842 686 tractare
856 628 963 700 corpus
1014 634 1112 687 teneat
1125 638 1250 708 utruque
1261 651 1351 693 mauu
1363 652 1471 711 corpua
1485 636 1600 694 Domini
1612 637 1846 710 supereslicem.

135 724 263 789 Domini,
279 730 433 796 postquam
450 738 500 779 eos
519 739 595 794 aqna
610 722 747 790 abluerit,
761 720 817 778 uisi
834 721 904 777 dum
918 722 961 777 ie·
1012 718 1074 785 Duo
1090 722 1248 796 incipiente
1262 726 1376 783 cunctis
1392 726 1592 796 audientibus,
1608 728 1663 784 Per
1678 725 1776 784 omnia
1789 738 1847 786 sn·

135 815 207 872 cauit
221 831 324 872 cruces
336 831 424 887 super
435 813 563 872 huetium
575 821 602 870 et
612 812 732 872 culicem
744 811 788 870 vet
799 811 914 884 qnando
929 825 961 868 ae
1011 808 1260 883 catosaecatoram,
1281 814 1437 889 sublevent
1455 815 1844 893 calicemipeeqetdjuconus

136 905 308 979 signauerit.
1012 914 1115 970 parum
1128 917 1220 973 neque
1230 910 1295 975 post
1308 904 1385 961 dictu
1393 921 1432 972 m,
1446 905 1580 963 Oremus:
1591 911 1662 963 tuno
1676 907 1841 978 deponetur

169 995 207 1052 Ut
217 1002 316 1052 autern
329 994 585 1063 {inieritSecretaa‚
596 993 724 1052 retrahet
738 1011 769 1050 se
783 997 957 1051 contreme-
1012 993 1042 1044 et
1055 988 1161 1047 itesam
1176 994 1361 1066 cooperietur
1371 995 1407 1051 ab
1421 1002 1545 1067 utroque
1556 995 1788 1054 hiuoetinde.1it
1798 996 1843 1056 siu

135 1087 218 1143 dium
233 1086 335 1142 ulteris
361 1085 462 1141 diceus
478 1091 533 1141 Per
560 1084 655 1141 omnio
669 1083 957 1153 sanctasanctorum,
1010 1077 1152 1138 diaconus
1175 1081 1321 1140 iuoliuuue
1343 1091 1515 1154 ontearum,
1532 1086 1650 1143 recedat
1666 1086 1716 1143 ubi
1730 1085 1840 1143 stabat.

131 1178 182 1233 aed
196 1175 377 1232 nonalevaus
388 1191 494 1230 manus
506 1173 643 1246 usquead
657 1190 770 1231 sarsum
783 1172 876 1230 corda.
888 1171 953 1230 Dia·
1009 1169 1040 1223 Et
1057 1185 1122 1227 uum
1138 1174 1275 1229 sacerdos
1299 1174 1417 1239 dixerit,
1433 1177 1538 1231 Panem
1551 1182 1682 1232 nostrum
1699 1176 1840 1248 quotidia-

136 1282 229 1323 couue
245 1272 342 1321 autern
360 1264 482 1320 audieus
498 1265 551 1321 Per
565 1264 769 1320 omniasoecatn
779 1263 955 1331 saecolorum,
1008 1277 1086 1326 num,
1099 1262 1241 1319 accedeus
1255 1264 1458 1321 subdiaconus
1473 1265 1508 1321 sd
1525 1265 1682 1323 diaconum
1696 1267 1799 1325 suerat
1812 1266 1840 1326 ei

133 1355 230 1411 ueniet
245 1362 310 1428 puat
325 1355 419 1425 ipsum
435 1356 614 1411 sacerdotem
629 1354 788 1425 supplicans
802 1352 838 1408 ad
854 1350 955 1423 altare,
1007 1356 1142 1421 patenam
1159 1351 1374 1426 discoopertam
1391 1354 1532 1411 osculans
1546 1355 1573 1411 ci
1587 1371 1721 1415 manum.
1733 1356 1837 1416 Poste·

130 1452 160 1501 at
171 1450 228 1502 stet
243 1445 354 1501 habens
370 1444 470 1500 taciem
480 1446 515 1500 ad
529 1446 708 1500 sacerdotem
721 1460 816 1515 nsque
826 1442 862 1498 ud
872 1443 955 1497 Potcr
1007 1443 1121 1497 secedat
1137 1442 1290 1514 paniolum
1305 1461 1406 1501 versus
1421 1444 1565 1517 parietem
1579 1444 1609 1500 iu
1625 1444 1745 1503 dexteru
1763 1462 1836 1518 pur-

129 1550 229 1592 noster.
247 1536 449 1591 Sabdiacouus
463 1538 564 1591 eadem
579 1533 652 1591 horu
675 1534 799 1605 accipiat
819 1537 954 1604 putenam
1007 1534 1044 1587 te.
1061 1529 1207 1589 Diaconos
1218 1540 1329 1602 autem,
1342 1542 1459 1606 accepts
1473 1534 1697 1608 pateus,otierat
1711 1550 1775 1593 eam
1787 1550 1835 1593 su·

129 1625 275 1681 otiertorio
287 1630 466 1696 coopertam,
482 1629 511 1679 et
526 1626 623 1680 veniat
638 1623 867 1696 postdiuconum
885 1636 952 1692 sup·
1005 1625 1115 1681 cerdoti
1133 1630 1199 1697 post
1212 1625 1264 1682 Sed
1274 1627 1364 1683 litera
1381 1642 1430 1683 nos
1446 1627 1714 1695 emolamentum
1729 1627 1756 1686 et
1771 1645 1833 1686 ms·

128 1711 303 1786 pticansti2)
313 1711 497 1768 circaaltaru.
507 1709 616 1767 Deinde
624 1711 788 1783 origenem,
799 1712 947 1781 supponat
967 1738 991 1807 B
1007 1729 1088 1771 rrum.
1105 1716 1168 1781 Qua
1190 1715 1297 1786 obluta,
1314 1716 1412 1772 veniat
1432 1716 1463 1771 in
1479 1715 1588 1777 locum,
1604 1717 1654 1773 ubi
1670 1718 1751 1774 stetit
1765 1722 1833 1775 aute

127 1803 280 1860 sinistram
303 1819 424 1859 manum
440 1802 560 1858 bruchio
574 1802 685 1870 dextro,
701 1804 733 1856 ut
757 1799 851 1856 leuius
877 1800 951 1855 icrut
1006 1802 1220 1874 Praetutianum,
1232 1806 1357 1861 reddens
1368 1804 1554 1861 Dtiertorium
1564 1805 1833 1864 condiscernere-

128 1894 222 1965 ipsam
236 1899 380 1967 patenam.
398 1891 451 1959 Oui
463 1892 662 1947 subdiaconus
673 1890 773 1962 signet
786 1906 817 1945 ee
833 1889 949 1945 aesna·
1005 1893 1148 1951 diaconus
1165 1909 1230 1951 sero
1242 1895 1464 1952 recondatiiiud
1481 1894 1634 1967 plicatum.
1650 1897 1712 1961 Quo
1728 1911 1831 1955 recou-

126 1988 186 2039 ctus
209 1984 245 2039 de
263 1985 327 2055 ipsa
344 1990 455 2054 patena.
471 1981 611 2037 Diaconus
634 1978 772 2036 similiter
786 1978 883 2051 signet
905 1993 948 2050 ee,
1007 1982 1078 2052 dito,
1101 1988 1259 2041 revertatur
1288 1990 1354 2057 poet
1381 1984 1549 2041 diaconum.
1571 1984 1714 2042 Sacerdos
1728 1989 1826 2046 sutem

126 2089 248 2130 maneus
263 2090 368 2129 curvus
391 2073 461 2127 dnm
477 2072 539 2143 ipse
562 2070 666 2127 dixerit
680 2071 806 2132 Sanctus,
821 2073 945 2139 sanctas,
1003 2071 1149 2144 accipiens
1164 2077 1298 2145 patenam
1314 2079 1404 2146 ponat
1419 2089 1483 2130 eum
1499 2073 1554 2131 suh
1573 2075 1727 2148 corporati.
1743 2073 1825 2141 Duod

125 2166 246 2229 sanetus,
263 2161 387 2218 breviter
416 2162 473 2218 sub
501 2160 628 2217 silentio.
649 2160 744 2216 Finita
758 2176 825 2215 vero
841 2158 945 2216 Precia-
1003 2158 1028 2216 ei
1041 2160 1109 2217 tatia
1124 2162 1321 2231 miminerit,
1337 2164 1366 2218 iu
1381 2170 1610 2235 qusconveutus
1623 2162 1750 2221 vaditsd
1767 2180 1819 2237 ps·

123 2251 517 2319 tione‚securdoeiuciiuetse
528 2249 947 2317 antealtarediceuesunetus,
1002 2267 1076 2319 cem,
1093 2257 1182 2322 ponat
1195 2268 1261 2308 eam
1278 2267 1367 2324 super
1381 2252 1539 2323 corporale.
1566 2253 1600 2309 Et
1628 2251 1707 2311 dictu
1722 2252 1825 2313 Ditem

125 2355 249 2406 sanctus,
264 2346 384 2410 sanctas,
401 2340 524 2397 breviter
539 2356 547 2395 ε
561 2345 590 2395 et
604 2340 724 2410 signans
738 2355 780 2410 ae,
790 2354 856 2395 mor
871 2337 946 2396 iuci-
1000 2356 1050 2397 nos
1060 2356 1227 2413 quaesumus,
1237 2341 1360 2409 Domine,
1372 2342 1545 2415 priusquam
1557 2342 1824 2415 diostpsrenmdem

124 2434 186 2506 piat
202 2431 339 2506 respuor
358 2432 568 2487 sternentissimc
581 2431 664 2485 Pater
683 2443 837 2501 usquequo
857 2428 945 2494 dicat,
1000 2429 1292 2497 Dominnmnostrum,
1304 2438 1393 2504 ponat
1403 2430 1632 2504 corpuaDomini
1643 2446 1733 2505 super
1742 2436 1823 2506 pate·

121 2523 167 2581 Dii
184 2533 292 2593 accepto
312 2520 415 2577 todem
437 2538 444 2579 ι
461 2527 488 2576 et
504 2526 575 2575 tuno
601 2535 632 2576 ne
654 2517 744 2591 erigat
772 2532 946 2590 percurrens
1000 2537 1078 2588 nam,
1090 2537 1300 2577 amoveuneum
1313 2537 1470 2594 parumper
1481 2521 1510 2576 iu
1522 2521 1641 2578 dextere
1655 2526 1737 2594 parts
1752 2519 1825 2578 cali-

122 2614 270 2669 Canonem
281 2610 357 2667 sicut
374 2609 537 2666 habeturin
554 2606 639 2664 libro.
652 2607 706 2674 Qui
722 2623 789 2663 oum
807 2621 946 2679 perreue-
999 2608 1066 2666 cia:
1094 2614 1123 2666 et
1150 2609 1285 2677 diceudo,
1301 2610 1356 2665 Per
1373 2610 1505 2667 eurndem
1528 2608 1824 2679 Dominumnostrsnn,

123 2705 160 2758 rit
176 2703 210 2757 sd
225 2701 278 2770 Qui
286 2702 377 2772 pridie
393 2716 476 2772 qnam
490 2704 642 2768 pateretur,
654 2701 751 2752 enarrat
765 2695 901 2765 hostiam,
918 2699 946 2753 et
999 2698 1114 2771 frangat
1131 2715 1238 2772 corpus
1251 2699 1364 2755 Domini
1376 2698 1594 2771 superesticoru
1606 2698 1635 2755 in
1648 2708 1705 2756 tres
1716 2702 1825 2772 partes,

120 2791 239 2847 elevans
254 2796 322 2846 ente
335 2789 454 2846 culicem
468 2787 652 2861 psuiouitius
663 2787 738 2842 inter
750 2786 823 2842 aiios
837 2785 944 2856 digitus
998 2792 1027 2843 ot
1041 2787 1134 2855 dicto,
1150 2789 1203 2844 Pcr
1211 2790 1306 2844 ornain
1314 2789 1417 2845 saecuto
1424 2788 1599 2854 siccatorum,
1613 2786 1701 2844 iaciat
1714 2787 1750 2844 sd
1765 2788 1827 2843 Pac

120 2897 195 2952 quos
213 2882 247 2936 ud
274 2880 328 2935 hoc
357 2878 538 2935 cunservavit
552 2877 706 2932 benedicat
723 2891 798 2930 eum.
823 2873 853 2930 Si
878 2889 944 2930 aero
997 2876 1109 2933 Domini
1124 2877 1202 2933 iutra
1217 2876 1338 2933 calicem
1356 2894 1445 2933 uuam
1471 2892 1599 2944 crucem,
1615 2873 1702 2933 ulium
1730 2876 1767 2932 sd
1781 2876 1824 2933 stt

121 2970 220 3042 piures
234 2970 354 3036 fuerint,
371 2985 429 3025 nou
446 2968 596 3039 deponens
610 2966 704 3038 ipsam
720 2979 808 3036 quum
821 2968 899 3020 tenet
908 2964 945 3019 ai·
996 2982 1115 3037 semper,
1128 2966 1242 3022 tertiam
1253 2968 1289 3022 ad
1307 2965 1457 3023 Vobiscum.
1471 2969 1504 3021 ut
1515 2971 1671 3037 postquam
1682 2972 1726 3021 ter
1740 2964 1822 3022 dixe·

119 3059 181 3116 mni
196 3075 299 3116 omnes
310 3059 470 3125 benedicat,
483 3061 512 3112 et
525 3055 630 3111 iterum
643 3060 767 3127 utraque
778 3070 866 3109 mauu
878 3069 942 3109 enm
998 3056 1036 3112 rit
1051 3061 1144 3127 Annas
1158 3056 1215 3122 Dei,
1230 3060 1259 3111 et
1272 3055 1417 3112 dimiserit
1435 3054 1465 3111 iu
1480 3052 1599 3110 calicem
1616 3051 1697 3111 iiiaru
1708 3058 1822 3127 partem

118 3154 217 3206 teneat
230 3165 384 3220 usquequo
396 3148 484 3214 dicut,
502 3147 556 3202 tica
578 3149 616 3201 est
627 3147 703 3201 enim
717 3159 817 3216 corpas
830 3157 941 3199 meum:
999 3144 1141 3202 Dominici
1157 3145 1288 3216 corporis
1304 3161 1391 3216 quarn
1404 3147 1484 3200 tenet
1498 3144 1526 3200 in
1538 3142 1657 3199 dextera
1670 3159 1760 3201 mauu
1774 3142 1822 3200 dt·

117 3246 147 3294 et
158 3243 229 3294 tnnc
244 3240 362 3293 remittet
378 3253 443 3294 cam
458 3236 488 3290 in
503 3234 567 3290 ioco
586 3250 650 3289 suo.
667 3237 737 3288 Cum
753 3240 850 3288 eutem
862 3232 943 3288 dixe·
995 3250 1064 3291 oeus
1088 3236 1150 3291 Duc
1171 3238 1348 3291 sacrosancto
1365 3234 1534 3301 commistio,
1550 3236 1642 3289 totam
1659 3231 1821 3291 orationem

118 3329 167 3397 rit,
181 3327 277 3383 Simili
288 3328 368 3383 modo
380 3331 527 3398 postquam
542 3331 678 3380 caenatmn
693 3330 744 3388 cst,
760 3321 884 3394 accipiat
899 3337 944 3378 ce·
995 3326 1051 3381 aab
1066 3325 1182 3383 silentio
1204 3326 1347 3382 :divertat
1357 3340 1390 3380 oa
1406 3339 1494 3380 eoum
1507 3323 1544 3380 ud
1560 3324 1717 3381 diaconum
1734 3338 1823 3381 osuu-

118 3417 203 3473 licem
214 3417 361 3488 stringens
371 3413 594 3487 corporalecum
604 3410 778 3468 caiiceiutcr
789 3416 942 3484 utrumque
995 3416 1168 3486 tausilium,
1184 3422 1212 3474 et
1226 3418 1368 3474 diaconus
1383 3416 1599 3474 subdiaconum
1622 3414 1678 3473 sibi
1694 3415 1823 3473 iuviuem

116 3502 671 3577 manum,etaiceieueteqmpaatuium
682 3501 943 3575 usquesdstgnum
996 3507 1199 3582 supplicando,
1215 3507 1455 3566 atsubdiscuuus
1468 3506 1607 3564 similiter
1620 3505 1722 3574 ulium,
1738 3504 1764 3565 si
1775 3521 1823 3579 pu·

114 3592 941 3668 iaciendumisstnttuncdeponatiaciunssiguumcrucis
995 3614 1058 3654 cem
1074 3599 1223 3671 quesierit
1237 3598 1332 3655 cnudo
1348 3598 1382 3654 ad
1400 3600 1536 3671 gradum.
1552 3598 1694 3653 Sacerdos
1708 3598 1819 3664 sutem,

115 3685 252 3759 desuper.
264 3685 344 3749 Quod
360 3692 516 3755 postquem
530 3681 832 3759 incestuosissima
846 3699 939 3755 eupe-
994 3688 1143 3760 detapace
1157 3688 1291 3759 diacono,
1307 3704 1372 3745 eam
1389 3693 1501 3760 partem
1519 3686 1623 3744 hostie
1637 3687 1674 3743 de
1689 3702 1748 3760 qus
1762 3686 1818 3743 mi·

113 3777 174 3832 rius
184 3776 276 3829 donec
287 3775 377 3842 dicut,
388 3773 481 3829 tnmci
496 3773 661 3828 memoriam
674 3770 787 3842 iacietis
803 3774 853 3828 :et
868 3775 940 3828 tuno
994 3777 1079 3833 nistri
1098 3777 1334 3833 communicandi
1351 3783 1432 3844 suut,
1447 3793 1537 3848 super
1550 3780 1686 3848 patenam
1703 3779 1793 3847 poust
1808 3790 1817 3832 t

111 3862 402 3935 dirrrittat.inaipieus
411 3860 695 3933 auremnappttcete
705 3876 834 3930 conamus
845 3862 934 3918 omni·
993 3881 1052 3936 qua
1067 3865 1163 3937 posita
1179 3865 1258 3920 dicat
1272 3865 1430 3922 orationem
1441 3863 1555 3922 Domine
1567 3865 1632 3920 iesu
1641 3863 1818 3934 citatumque

112 3961 210 4026 potens
225 3957 294 4012 Deus
311 3956 463 4011 :incurvet
482 3969 513 4010 ss
529 3961 596 4012 aute
619 3954 711 4010 uitare
739 3953 831 4010 donec
848 3953 937 4024 dicat,
992 3952 1181 4011 dictuetstim
1193 3968 1317 4010 sumens
1328 3951 1636 4026 corpusDomiuicum
1647 3951 1819 4010 caticeutrs-

114 4048 156 4103 Ec
169 4048 219 4101 tac
231 4046 329 4101 nitoris
341 4046 572 4116 participatione:
583 4048 613 4100 et
626 4048 697 4100 tuuc
707 4042 802 4115 erigat
812 4058 844 4099 se
856 4058 940 4100 uscu-
992 4061 1048 4117 que
1070 4062 1159 4101 manu
1171 4043 1297 4117 applicet
1320 4044 1356 4100 sd
1368 4061 1410 4113 ee,
1441 4046 1470 4101 et
1492 4044 1536 4102 sio
1551 4043 1692 4118 percipiat
1709 4060 1817 4117 corpus

114 4135 180 4193 laus
195 4136 305 4193 labium
322 4135 422 4195 aitaris
441 4139 508 4190 ante
522 4133 645 4190 calicem
673 4133 795 4206 signans
809 4149 852 4199 se,
873 4136 939 4204 poet
992 4134 1107 4191 Domini
1122 4149 1210 4207 super
1230 4132 1361 4203 culicem,
1377 4133 1483 4190 deiude
1498 4133 1685 4208 sanguinem.
1703 4134 1816 4207 ltaque,

114 4226 264 4298 signatum
281 4242 385 4297 corpus
408 4229 437 4280 ot
451 4224 625 4296 sauguinem
640 4240 647 4279 :
664 4222 782 4294 quando
805 4220 938 4278 videlicet
990 4223 1122 4297 deposito
1133 4223 1224 4280 catice
1239 4239 1328 4297 super
1342 4222 1561 4297 corporatenon
1573 4228 1818 4297 cooperto,uertst

112 4316 229 4386 dixerit,
242 4314 323 4373 Omni
338 4313 532 4371 bencdictione.
544 4312 579 4368 Dt
594 4313 712 4381 quaudo
726 4310 841 4380 dixerit,
854 4311 937 4368 Notis
989 4327 1021 4370 aa
1040 4313 1221 4370 addextrum
1241 4329 1333 4371 cornu
1350 4312 1519 4381 altarinet,
1543 4312 1815 4388 positsibipsteus
1886 4316 1890 4321 '

112 4422 220 4479 quoquc
241 4406 441 4479 peccatoribus,
469 4403 576 4460 tundat
593 4399 684 4458 semei
707 4399 808 4458 ieviter
834 4405 935 4474 pectus
989 4417 1055 4458 cum
1071 4401 1428 4474 hostiis,sumathostism
1444 4401 1607 4461 derasoulo
1621 4407 1815 4476 preparatas

113 4514 212 4554 suurn.
226 4497 368 4553 Diaconos
381 4511 447 4551 vero
470 4493 589 4566 quando
609 4490 714 4548 uiderit
725 4506 792 4547 euru
808 4491 937 4548 secundo
952 4480 975 4548 D
991 4491 1124 4559 diacono,
1140 4508 1229 4564 quam
1244 4497 1336 4566 ponat
1349 4508 1438 4566 super
1450 4501 1585 4566 patenam
1602 4508 1610 4550 r
1626 4496 1755 4549 etunam
1769 4486 1816 4546 vei

113 4587 421 4661 pustiacurvntionem
434 4584 553 4641 culicem
566 4581 808 4653 signare,eoilicet
818 4582 936 4655 quando
991 4581 1099 4655 plures,
1115 4581 1163 4638 ubi
1185 4599 1305 4642 necesse
1323 4584 1419 4649 tuerit,
1434 4598 1469 4639 ex
1485 4580 1544 4638 iilis
1557 4597 1621 4653 quse
1636 4579 1758 4637 tbisuut
1771 4592 1816 4635 te-

112 4677 229 4742 dixerit,
241 4675 413 4747 sanctificas,
425 4674 544 4730 accedat
554 4673 589 4727 ad
601 4672 750 4728 dexteram
762 4671 935 4729 sacerdotis.
990 4673 1097 4730 condat
1112 4672 1142 4729 iu
1158 4672 1208 4729 iilo
1223 4672 1351 4730 vasculo.
1367 4672 1426 4728 Hoc
1442 4681 1539 4727 autem
1560 4670 1611 4726 ssat
1625 4673 1741 4726 tuntum
1755 4674 1813 4727 Du·

113 4767 149 4823 Et
169 4765 307 4822 osculans
324 4765 404 4836 prius
418 4764 518 4832 attare,
542 4766 698 4834 componat
715 4777 747 4817 se
761 4760 883 4818 honeste
899 4761 936 4817 ud
991 4762 1106 4821 minicio
1118 4761 1233 4827 diebus,
1249 4767 1279 4820 et
1293 4762 1422 4820 iuCaeus
1446 4758 1572 4816 Domini.
1588 4757 1746 4816 vesculum
1758 4775 1812 4817 su·

85 4855 385 4945 idiecooperiendum
407 4851 528 4909 calicem
544 4852 693 4907 adrxtera
708 4854 801 4921 parte,
818 4849 936 4908 dextera
990 4855 1047 4908 tem
1064 4850 1147 4907 ililud
1164 4867 1252 4923 super
1268 4849 1359 4908 uitare
1373 4849 1645 4922 dimittaturueque
1657 4851 1724 4922 post
1741 4848 1813 4905 mis·

113 4962 216 5013 manu,
228 4944 378 5001 sacerdote
389 4946 484 4998 temen
510 4938 696 5009 incipientes
710 4938 829 4995 sinistra
844 4943 935 5012 purte,
990 4957 1065 4999 sum.
1075 4939 1136 5004 Quo
1149 4940 1387 5005 tactu‚saccrdoe
1398 4940 1597 4997 communicet
1611 4937 1768 4996 diaconum
1785 4941 1815 4997 et

111 5034 232 5090 sinistra
247 5050 348 5089 manu.
369 5038 456 5088 Porro
474 5031 536 5102 ipse
549 5030 690 5086 diaconus
709 5027 830 5086 sinistra
845 5045 936 5087 mauu
989 5032 1200 5090 subdiaconum
1213 5029 1248 5087 de
1259 5031 1346 5089 tertie
1358 5028 1559 5105 parieDeinde
1574 5028 1609 5087 de
1623 5027 1691 5086 aliie
1705 5027 1812 5088 hostiis

111 5125 206 5195 posita
217 5124 271 5178 sub
283 5122 463 5179 bruchiosuo
474 5120 508 5176 ad
519 5118 775 5187 constringendam
787 5117 934 5176 manicam
989 5126 1108 5180 ceteros
1123 5121 1174 5191 qui
1189 5120 1436 5178 communicaturi
1447 5125 1527 5177 sunt.
1542 5118 1693 5176 Prouideat
1711 5124 1810 5176 aarum

113 5213 184 5268 albae
201 5229 235 5267 ne
246 5213 397 5284 contingat
407 5209 570 5284 corporate,
581 5213 729 5282 supponat
743 5209 854 5282 digitus
868 5210 935 5266 dex·
989 5216 1134 5282 quantum
1151 5208 1268 5281 poterit,
1285 5224 1320 5266 ue
1335 5209 1435 5282 atiquo
1446 5225 1513 5282 pure
1524 5206 1811 5280 Dominicioorporis

111 5306 178 5359 terae
193 5319 251 5359 sue
266 5302 367 5374 digitis
392 5299 558 5358 Sacerdotis
582 5299 617 5354 ad
635 5299 795 5355 tenendum
811 5299 934 5357 euticem
988 5300 1147 5357 remaneat.

108 5394 178 5449 dum
194 5392 330 5450 sacerdos
345 5396 404 5450 tres
415 5407 518 5448 cruces
533 5389 728 5461 teneritauper
738 5387 856 5447 calicem
873 5390 934 5449 dis·
1023 5387 1169 5446 Discouus
1184 5404 1251 5447 vero
1266 5388 1407 5448 accedeus
1422 5387 1458 5446 ud
1484 5387 1733 5460 communionem,
1750 5401 1810 5446 uon

148 5502 206 5573 (tt)
222 5499 401 5573 supplicans,
416 5500 448 5554 id
463 5503 509 5554 est
523 5496 680 5553 inciinans.
988 5496 1289 5556 sacerdoteehostiam
1302 5498 1628 5572 poetrouseorationem
1650 5497 1764 5554 eierare
1777 5499 1807 5554 et

152 5574 209 5649 (43)
225 5575 257 5630 In
273 5574 360 5645 cepit.
375 5588 442 5646 geu.
454 5588 503 5629 an.
518 5570 588 5626 1210
602 5574 631 5626 et
640 5584 690 5628 sn.
701 5568 770 5626 1232
776 5569 855 5643 jussi
866 5577 935 5630 suut
988 5586 1091 5630 omues
1107 5576 1238 5631 astantes
1253 5574 1374 5629 Veniam
1386 5575 1545 5645 pateream
1568 5567 1772 5642 genuflectere.
