3788 6000
100 257 163 317 273
587 262 761 325 MONAGHl
785 262 1026 324 sazevettffls
1046 259 1325 324 cumulaturum.
1749 262 1808 323 974
1842 258 1846 263 ’

101 391 263 450 wernhero
277 393 404 466 lapicida
422 399 451 452 et
466 396 663 466 cementario,
680 396 800 454 utinter
816 413 886 455 saxa
899 400 928 454 et
943 397 968 466 Α
983 397 1050 455 dere
1064 396 1169 464 tacere,
1186 394 1242 452 nisl
1256 394 1338 467 prius
1352 395 1447 453 mittet
1462 395 1595 453 Romam.
1625 397 1734 454 Iterum
1758 412 1810 455 au.

100 480 224 540 titiones
239 484 381 556 requiret,
396 485 563 544 sollicitant.
577 485 930 544 liccevolenteDeoWer-
982 490 1041 543 tem
1059 483 1263 559 praesulemlll
1292 484 1425 543 literaria
1455 485 1609 543 Zdiconem
1634 486 1805 558 implorant,
1861 542 1865 551 ,

102 570 217 630 nherus
232 574 450 649 sarcophagum
461 575 664 650 incorruptum
677 592 730 634 nec
742 575 928 651 ignetactum
983 579 1015 631 ut
1030 575 1210 632 desiderium
1226 574 1357 647 ipsarum
1371 574 1493 648 impleat
1507 574 1551 633 ²⁰⁰.
1572 575 1626 640 Qui
1657 590 1688 632 ee
1713 576 1806 633 lectu·

100 664 223 737 reperit,
239 666 275 722 ad
287 666 421 726 dominas
445 667 532 726 letus
559 668 655 739 rediit,
675 671 705 725 et
733 684 794 742 pree
821 666 928 743 gaudio
982 681 1048 723 rum
1068 665 1223 738 promittit,
1239 665 1265 723 si
1281 664 1425 722 antistitis
1440 679 1540 722 aarum
1556 664 1704 723 licentiam
1723 663 1806 723 inve·

100 754 371 814 remunerationem
389 758 552 831 postulans,
574 757 706 816 letitiam
736 756 888 815 nuntiavit.
906 755 929 812 0
982 754 1054 812 niet.
1071 755 1134 812 Nan
1150 760 1301 813 coarantes
1316 769 1385 830 ergo
1399 754 1620 813 claustricolae
1644 754 1805 829 proposito,

100 848 204 902 sancte
215 850 292 904 Deus
306 847 313 905 l
325 864 342 904 o
353 848 535 906 mirabilisiu
546 847 737 906 sanctissuiel
750 848 929 906 chenedicte
982 844 1094 902 domini
1110 844 1212 902 decani
1243 843 1397 919 Pragensis
1419 844 1533 903 lleurici
1555 845 1693 918 Patrique
1708 843 1804 901 archi·

100 933 131 990 in
142 934 369 1007 operibustuiel
384 938 678 1011 quantaeaultatiaue
689 936 928 995 lamnlaslvltnns
982 933 1098 991 diaconi
1114 939 1344 1006 caeterorumque
1359 934 1395 992 de
1409 939 1554 992 conventu
1569 933 1690 993 consilio
1705 949 1805 992 sarec-

99 1022 240 1097 dignatus
253 1040 285 1083 es
300 1026 412 1099 replere
423 1044 431 1097 ς
443 1027 523 1102 quali
538 1027 713 1085 visitationis
740 1026 847 1084 solatio
863 1042 927 1099 per-
983 1023 1082 1097 lagum
1099 1023 1237 1092 talevant,
1254 1023 1401 1096 aperiunt,
1417 1028 1447 1081 st
1475 1025 1633 1099 praevisum
1659 1024 1744 1098 Juxta
1761 1022 1805 1080 al-

99 1112 335 1190 iundere,qaam
350 1115 924 1192 magnogaudinpreseutatiouisloetitl·
982 1115 1377 1173 tareletanterrecandunt.
1406 1116 1464 1174 Neo
1490 1116 1545 1174 hoc
1574 1117 1806 1189 quoquepraete·

99 1204 228 1261 carelln
241 1204 920 1282 terramDeogratillcanteecorruuntlecrymis
980 1207 1127 1263 reundum
1142 1209 1199 1275 ast,
1215 1207 1293 1279 quud
1324 1205 1457 1263 mirabile
1485 1205 1561 1263 etin
1582 1203 1805 1278 seculispradi·

97 1290 371 1367 lacaperluudunt,
387 1303 414 1355 et
434 1297 530 1355 oblite
559 1296 686 1356 tristitia
711 1296 746 1354 ad
772 1295 926 1354 levandam
980 1295 1234 1352 caudumlurtum
1249 1294 1400 1352 wernheri
1429 1294 1605 1363 declaratur,
1635 1294 1686 1368 qui
1707 1293 1805 1351 ablata

98 1383 217 1441 thecam
229 1388 416 1459 currunt,sed
432 1387 517 1461 quasi
530 1388 701 1461 stupefacta
725 1384 925 1459 presumptio·
981 1382 1106 1442 latenter
1122 1390 1203 1458 parte
1223 1385 1353 1458 corporis
1386 1385 1476 1442 beata
1506 1382 1659 1454 Ludmile,
1688 1382 1804 1441 athleta
1864 1440 1868 1451 ,

98 1475 927 1549 uemreprimunt,etvncatosaccrdotePudone,cujus
979 1474 1097 1544 Christi,
1114 1474 1320 1547 repatriat3ad
1334 1477 1566 1534 construendum
1581 1473 1725 1547 templum
1745 1473 1804 1531 Deo
1886 1516 1890 1521 .

98 1565 926 1641 coneilioetauxilioforestemptantetlerre,etexeuntes
980 1565 1054 1623 dune
1070 1564 1216 1633 conducit,
1239 1563 1289 1636 qui
1318 1570 1410 1639 coepta
1439 1581 1527 1640 opere
1544 1564 1652 1622 mortui
1677 1564 1804 1630 suntin

99 1655 133 1710 ad
145 1661 263 1728 portam
277 1658 403 1716 civitatis
417 1659 571 1716 inveniunt
589 1660 782 1725 obstructam,
798 1663 926 1714 seratam
978 1653 1112 1727 aequanti
1127 1655 1205 1711 euim
1221 1653 1270 1710 elii
1286 1655 1390 1723 demin
1407 1654 1490 1713 tertia
1507 1655 1630 1727 ipsemet
1642 1652 1800 1710 defunctus
1873 1700 1877 1705 .

100 1748 127 1800 et
141 1745 227 1818 qussi
244 1747 335 1806 exitui
351 1749 528 1823 oppositam,
544 1765 633 1823 quem
651 1747 744 1805 multo
771 1748 925 1804 conanime
939 1778 963 1843 B
980 1749 1035 1802 est.
1051 1745 1112 1802 llils
1124 1743 1194 1801 visis
1211 1744 1290 1800 tllius
1304 1746 1368 1817 ejus
1380 1744 1466 1817 juseu
1487 1744 1651 1801 vicinorum
1683 1741 1803 1817 propin·

100 1841 273 1906 quassatam
289 1838 450 1914 nimiisque
466 1839 617 1897 laboribus
645 1841 819 1912 temptatam
843 1837 924 1895 nullo
979 1832 1165 1908 quarumque
1181 1833 1350 1892 Bnhemiam
1380 1834 1480 1906 intret,
1508 1834 1644 1891 Geraesln
1659 1831 1803 1891 cancella-

100 1926 184 1982 modo
196 1927 345 1999 aperiunt.
362 1929 396 1987 tlt
411 1929 466 1988 hoo
479 1928 622 1987 miraculo
638 1933 821 2002 compunctae
835 1927 865 1985 iu
880 1927 922 1985 lo·
979 1923 1268 1996 ri0,consenguineo
1297 1941 1363 1996 suo,
1395 1929 1477 1998 gesta
1499 1924 1632 1998 replicat,
1645 1939 1697 1995 per
1712 1937 1801 1995 quem

100 2017 922 2092 camundoexiersutregressesuut,missoqusuuncin
977 2016 1154 2074 ammonitus
1170 2014 1268 2073 ablata
1296 2015 1425 2073 ecclesiae
1455 2016 1595 2085 reddidit,
1623 2015 1653 2071 iu
1680 2013 1799 2072 nomine

100 2105 316 2182 sdepiscopum
333 2113 470 2168 Ottonem
491 2110 660 2185 supplicant
680 2114 714 2168 ut
727 2109 834 2177 veniet,
850 2108 920 2181 quid
976 2106 1087 2165 domini
1102 2107 1195 2164 nostri
1208 2106 1279 2162 Jeeu
1294 2104 1410 2178 Christi,
1427 2104 1475 2163 cul
1489 2112 1533 2163 est
1547 2104 1642 2162 honor
1661 2106 1690 2161 et
1703 2101 1798 2178 gloria

96 2198 243 2269 egendum
258 2199 308 2272 sit,
324 2201 472 2260 decernat.
488 2201 543 2269 Qui
563 2200 728 2276 respoudit,
743 2215 774 2259 ee
794 2216 852 2259 nou
868 2215 921 2257 aa·
975 2196 1005 2254 in
1021 2195 1120 2255 secula
1134 2194 1311 2255 seculorum.
1326 2197 1429 2254 Amen.

351 2516 590 2615 llodecffl
618 2513 935 2616 stratensis
965 2509 1320 2609 CONTINUATIO
1349 2509 1544 2608 GOSMAE.

90 2731 128 2788 lle
150 2730 288 2789 chronice
316 2733 407 2789 sancti
423 2730 582 2804 ltercnynn'
611 2733 636 2787 cl
654 2727 854 2803 composicione
871 2743 924 2784 cn·
940 2726 963 2798 c
977 2722 1080 2781 tudine
1094 2721 1310 2795 episcoporum,
1328 2723 1478 2794 abbatum,
1496 2723 1718 2794 monachorum,
1730 2739 1801 2797 pra·

455 2819 561 2861 norum·
976 2813 1151 2886 positorum,
1168 2811 1357 2884 clericorum,
1370 2813 1490 2888 illicque
1503 2814 1634 2887 deiectus
1649 2818 1694 2872 est
1710 2814 1799 2872 Beue·

127 2892 238 2950 Beatm
253 2892 422 2951 ieronimus
453 2891 484 2951 in
512 2891 663 2960 obmittit
679 2906 769 2964 ‘1¹¹⁸m
797 2887 924 2963 propriis
978 2903 1075 2960 dictus
1089 2918 1165 2976 papa
1180 2900 1215 2958 ab
1231 2903 1392 2976 apostalice
1404 2904 1483 2974 aede,
1499 2912 1526 2962 et
1540 2904 1688 2977 adaldago
1716 2903 1799 2978 epis·
1875 2942 1884 2959 .

93 2983 413 3053 Μῦῑδΰῠῦῠῦῐθῑῦῑῑ,
441 2982 481 3040 ila
510 2987 734 3040 0⁰mm0ffl0l⁸l2
762 2980 804 3038 Ab
829 2982 923 3038 ΑΜ
976 2988 1578 3066 copocommissus,inSaxoniemqueest
1598 2992 1800 3059 deductus‚il·

94 3090 190 3144 usque
205 3074 242 3130 ad
256 3073 399 3131 diluvium
416 3073 485 3130 enni
499 3074 580 3131 2242.
595 3076 619 3130 Α
639 3073 748 3131 diluvio
776 3072 922 3145 usquead
975 3080 1073 3154 licque
1088 3080 1179 3136 vitam
1195 3083 1302 3141 finivit.
1331 3082 1365 3139 ec
1393 3083 1457 3154 ipso
1482 3081 1513 3139 in
1543 3099 1619 3140 enno
1635 3081 1798 3141 mortalitas

91 3164 245 3221 Abraham
260 3164 409 3222 anniam.
424 3165 467 3220 Ad
483 3164 629 3223 Abraham
647 3181 742 3238 usque
765 3165 801 3221 ed
817 3163 921 3221 nativi·
975 3171 1084 3231 invasit
1098 3175 1256 3234 exercitum
1272 3172 1387 3232 Ottnuis
1401 3171 1597 3246 imperatoris.

92 3261 182 3311 tatem
197 3253 402 3311 nominitant
428 3255 510 3310 2015.
538 3257 571 3312 ln
601 3271 727 3328 quorum
742 3270 861 3312 summe
876 3253 921 3310 iu·
1009 3263 1073 3319 972.
1089 3265 1213 3324 Sanctus
1227 3263 1400 3324 oudalricus
1423 3263 1578 3336 episcopua
1600 3261 1796 3335 augustensis

90 3343 255 3401 veniuntur
268 3343 400 3416 quinque
414 3343 497 3401 milia
512 3349 542 3401 et
556 3343 677 3417 insuper
697 3350 815 3402 centnm
832 3359 922 3402 nono·
973 3351 1101 3410 eoeleste
1117 3353 1254 3429 migravit
1268 3354 1303 3412 nb
1319 3351 1490 3411 horaeculo
1500 3352 1526 3407 l.
1544 3349 1698 3409 Nondum
1709 3351 1795 3423 cujus

92 3433 177 3508 ginis
192 3449 309 3490 novem·
325 3433 403 3490 Anni
419 3435 455 3491 ab
471 3432 673 3490 internetione
687 3432 805 3490 Domini
821 3450 829 3492 ἑ
972 3458 1079 3516 corpus
1095 3444 1228 3517 sepelivit
1242 3448 1363 3503 sauctus
1376 3442 1561 3516 Walicangus
1576 3440 1733 3516 episcopus
1743 3440 1798 3499 lla·

125 3523 192 3579 932.
210 3522 297 3596 [Anu.
326 3523 441 3596 Quedl.]
470 3523 580 3580 Eodem
609 3539 686 3581 anuo
712 3521 851 3582 lliuriuus
870 3538 921 3581 rex
972 3532 1161 3604 tieponsnsis.

92 3612 401 3687 llbottritossnhegit.
1006 3623 1069 3680 973.
1100 3623 1167 3684 Otto
1195 3625 1354 3700 imperator
1396 3623 1509 3698 primus
1550 3622 1798 3683 'theutonicarum

126 3701 193 3759 95³·
216 3702 339 3773 flitmum
367 3701 463 3760 &⁰⁰5⁸
492 3702 522 3759 5¹¹
552 3702 735 3761 tefllimenffifl
763 3703 919 3760 homiuum
971 3711 1046 3785 pies,
1063 3712 1141 3770 haul
1159 3714 1232 3787 prela
1247 3713 1346 3773 dolnrl
1363 3713 1438 3771 Non.
1460 3710 1527 3770 llaii
1556 3712 1639 3780 obiit,
1655 3712 1702 3770 cul
1731 3712 1796 3771 Otto

93 3790 313 3865 apparuit,illis
328 3799 427 3849 eutem
455 3793 506 3865 qui
539 3792 648 3850 derisui
663 3791 735 3849 illud
758 3792 918 3862 habebant,
972 3801 1050 3858 nllus
1065 3801 1130 3874 ejus
1145 3802 1297 3861 suceegstt,

93 3886 218 3938 mortem
235 3880 374 3952 inferens,
390 3880 449 3938 illia
462 3885 564 3939 autem
585 3883 635 3955 qui
665 3883 712 3955 pie
735 3886 765 3940 et
784 3882 919 3956 religiose
1007 3891 1070 3947 915.
1087 3892 1193 3963 hyeme
1208 3892 1369 3951 durissima
1384 3895 1413 3951 et
1441 3892 1607 3965 importune
1635 3890 1734 3964 longa.
1759 3895 1795 3949 Et

91 3969 165 4028 illud
183 3970 407 4045 lflflfflbfflluh
423 3971 465 4029 ΗΠ
482 3971 552 4029 mali
568 3971 677 4029 intulit·
971 3981 1041 4038 ldus
1059 3982 1115 4039 lsai
1130 3981 1180 4039 uix
1194 3999 1302 4056 magua
1317 3983 1430 4041 naviter
1443 3979 1529 4054 lapsa
1549 3986 1657 4040 terram
1680 3980 1793 4055 operie-

125 4061 190 4117 960.
206 4062 266 4118 Isto
281 4077 359 4119 anuo
373 4064 515 4119 venerunt
528 4061 615 4134 legati
630 4061 745 4119 tinacia
763 4059 861 4135 gentis
876 4061 913 4118 ad
972 4071 1032 4127 bat,

91 4165 191 4224 regem
202 4149 380 4222 Oltonem,et
391 4152 537 4225 depredati
550 4155 621 4208 sunt
637 4166 716 4223 eum,
732 4156 764 4208 ut
788 4150 914 4224 aliquem
1008 4157 1115 4217 Eodem
1144 4177 1220 4218 euno
1249 4160 1419 4219 Rudbertue
1446 4159 1686 4235 archiepiscopus
1708 4160 1792 4235 obiit,

92 4255 216 4296 suorum
227 4241 433 4313 episcoporum
449 4240 672 4312 transmitteret,
688 4239 738 4314 qni
753 4241 795 4298 eis
817 4245 915 4299 osten·
972 4248 1020 4306 cut
1035 4250 1198 4323 willigisus
1211 4252 1363 4310 successit,

91 4328 173 4387 deret
187 4329 265 4386 siam
280 4329 422 4400 veritatis,
438 4333 467 4388 st
480 4330 605 4402 professi
619 4335 690 4389 suut
706 4348 738 4388 se
752 4331 824 4389 velle
839 4348 917 4391 rece·
1005 4340 1068 4398 985.
1085 4339 1169 4415 [Aen.
1198 4341 1307 4415 Qeedtl
1334 4342 1463 4401 Saxones
1500 4342 1683 4402 sclavoniam
1710 4343 1792 4402 inve.

90 4419 914 4494 dereapsganicorituetsociperennmeuetrcligionem
971 4433 1084 4499 serunt,
1113 4429 1223 4502 quibus
1248 4431 1285 4488 ad
1314 4431 1551 4506 supplementum
1577 4433 1705 4491 hlisaoho
1733 4434 1793 4491 dux

91 4508 326 4567 christianitatis.
342 4509 378 4566 lte
392 4509 441 4568 ille
455 4509 604 4568 consensit
619 4510 751 4584 petitioni
766 4513 916 4581 aarum,et
970 4533 1036 4574 cum
1056 4520 1300 4591 maguoexeruitu
1315 4521 1403 4591 venit,
1419 4522 1574 4595 quitatem
1588 4527 1696 4581 terram
1711 4521 1793 4580 Sola-

91 4597 915 4672 trausmisitedelhertumepiecopuminlidecatholicum
970 4607 1104 4664 vouiosm
1121 4607 1264 4667 incendiis
1279 4617 1306 4667 et
1321 4611 1451 4668 cedibus
1465 4612 1662 4669 devastarunt.

92 4686 135 4744 llli
152 4687 914 4762 peremniamentitisunt,sicutposteaeventusrci
1004 4696 1067 4753 986.
1082 4697 1148 4755 Otto
1165 4714 1214 4755 rex
1229 4700 1324 4757 adhuo
1339 4700 1482 4774 puerulus
1498 4717 1564 4758 cum
1586 4713 1790 4773 magncexer·
1873 4742 1879 4751 .

91 4778 233 4849 probavit,
250 4779 320 4852 quia
335 4778 382 4837 ille
397 4779 555 4853 predictus
571 4779 726 4854 episcopus
749 4797 807 4837 uon
823 4782 915 4839 evaslt
969 4786 1030 4844 citu
1045 4788 1193 4846 Saxonum
1207 4790 1287 4847 venit
1300 4790 1495 4861 laticlaviam,
1510 4795 1538 4848 et
1565 4788 1666 4848 multis
1690 4789 1792 4848 incen-

90 4865 175 4925 letale
191 4868 355 4942 periculum
370 4869 406 4927 ab
420 4869 538 4928 insidiis
552 4868 681 4930 illorum.
969 4875 1026 4932 diis
1041 4880 1070 4933 et
1084 4878 1215 4936 cedibus
1230 4880 1430 4937 devastarunt.

121 4958 187 5016 962.
203 4959 294 5031 [ann.
319 4958 457 5028 Quedl.i]
487 4958 564 5017 ‘l'utc
593 4957 748 5033 episcopus
778 4960 914 5033 Ratiepo-
1003 4964 1067 5023 987.
1083 4966 1192 5024 Eodem
1208 4985 1285 5026 auno
1299 4968 1428 5026 Saxones
1443 4967 1549 5024 iterum
1577 4967 1721 5026 sclaviam
1740 4967 1790 5027 iu·
1864 4950 1870 4959 ’

90 5048 335 5107 nensisecelesies
349 5048 432 5105 obiit.
968 5060 1117 5124 vaserunt,
1133 5056 1205 5113 otsd
1223 5057 1360 5113 ultimum
1373 5057 1431 5129 ipsi
1454 5055 1547 5113 sclavi
1578 5058 1656 5130 regie
1684 5057 1790 5117 ditioni

119 5136 186 5194 993.
205 5136 342 5209 llsgnum
373 5134 513 5210 synodale
541 5135 699 5195 concilium
729 5138 840 5197 laetum
869 5141 915 5197 est
968 5145 1148 5216 subduntur,
1164 5148 1194 5202 et
1209 5144 1428 5218 castellajuxte
1442 5145 1539 5204 Albim
1555 5147 1664 5206 llameu
1693 5149 1789 5208 denuo

87 5226 188 5284 Romu
205 5226 235 5283 in
246 5224 371 5285 eeclesia
381 5226 474 5284 uncti
488 5224 563 5284 Petri
575 5226 711 5300 apostoli,
725 5227 826 5301 ibique
842 5244 913 5302 pre·
968 5239 1130 5293 restaurata
1146 5236 1225 5293 sunt.
1241 5235 1277 5292 tlt
1289 5239 1396 5295 ventas
1423 5234 1528 5311 ingens
1556 5237 1682 5297 aedilloia
1697 5238 1792 5299 mults

86 5317 204 5376 ridebat
218 5315 286 5374 Otto
295 5316 608 5390 imperatorsugustus
617 5332 685 5375 eum
695 5333 804 5391 magna
814 5318 913 5376 multi·
967 5323 1082 5381 stravit.
1168 5380 1173 5389 ,

763 5459 887 5520 ventas
914 5463 1120 5524 theutones,

116 5579 154 5619 Μ
168 5575 450 5653 seminatam).
487 5575 738 5654 ”respoudit-
751 5578 905 5651 presulem
920 5581 1021 5642 isene
1035 5581 1055 5640 2
1069 5579 1123 5657 (c).
1138 5580 1277 5656 menter.
1315 5581 1351 5622 ¹⁰⁸
1364 5583 1507 5661 impleant
1519 5587 1547 5646 2.
