3788 6000
102 190 164 252 505

605 185 788 251 ntsroma
811 164 1077 255 urnaosonun.
1100 190 1310 256 -n1n.1v.

1750 183 1810 267 aa

138 323 206 380 can.
224 323 321 380 llhlll.
338 353 371 365 -
385 325 423 378 De
436 322 595 379 inventione
607 322 764 379 Dominicae
779 322 893 380 lancee.
945 329 972 395 Α
986 325 1156 382 christianis
1169 319 1599 398 principibus,quandoquidem
1610 324 1668 373 tam
1681 317 1808 388 egregios

137 419 172 470 ln
189 414 242 469 hnc
262 415 359 484 itaque
383 413 467 469 lamis
481 412 636 469 alllictione
651 427 736 483 quarn
753 413 886 481 audistis,
902 419 930 470 et

104 504 206 561 timore
218 502 387 570 obsidionis,
403 509 430 557 ct
445 500 640 558 sollicitudine
651 501 824 557 insidiarum
835 502 929 557 assul-

103 600 244 664 tuumque
259 607 330 663 quos
353 609 369 648 a
393 590 462 647 loris
476 590 560 649 Turci
580 591 673 646 adhuc
687 590 800 647 assidue
823 590 931 647 iniere-

104 683 184 748 bnnt,
201 680 362 753 populoque
374 681 421 737 [toi
433 680 582 736 humiliato
594 697 627 737 ac
641 682 799 751 desperato,
808 680 930 736 clericus

103 772 221 842 quidam
236 771 270 826 de
295 778 368 826 terra
391 769 545 826 Provincia
569 786 619 840 per
639 770 778 826 visionem
800 769 853 825 sibi
871 769 930 826 lau·

102 876 183 916 coum
197 860 350 915 revelatam
365 860 496 928 asseruit,
512 874 566 931 qua
581 859 720 914 Dominus
735 865 831 915 noster
844 858 930 916 iosus

100 950 232 1006 Christus
246 948 276 1005 in
292 947 378 1005 latere
400 949 558 1020 potionatus
572 957 623 1005 est.
647 950 700 1004 Hic
716 947 793 1005 enim
808 947 929 1005 clericus

100 1040 237 1109 episcopo
252 1037 395 1104 Podiensi,
412 1036 528 1093 domino
553 1037 700 1106 lleymaro,
716 1043 743 1092 et
759 1036 928 1106 Reymundo

99 1127 198 1183 comiti
213 1126 320 1191 locum,
331 1141 387 1196 quo
404 1124 558 1195 pretiosum
572 1125 736 1180 thesaurum
746 1124 836 1181 lancae
846 1140 928 1196 repe·

103 1216 205 1285 rirent,
218 1215 328 1284 retulit,
339 1214 469 1270 uidelicet
481 1216 510 1270 in
520 1215 639 1271 ecclesia
650 1215 681 1270 B.
695 1213 769 1269 Petri
784 1214 928 1287 apostolo·

100 1320 164 1360 rum
180 1305 328 1375 principis,
346 1303 484 1360 visionem
510 1320 591 1358 suam
620 1304 671 1359 sub
697 1304 776 1359 onrui
800 1303 925 1371 veritate,

97 1409 154 1465 qua
172 1393 274 1463 potuit,
298 1396 454 1448 attestatus.
478 1393 531 1458 Qut
557 1392 650 1448 verbis
671 1392 749 1448 illius
768 1393 925 1459 eredentes,

97 1483 132 1537 ad
146 1481 242 1537 locum
258 1497 342 1552 quem
357 1481 479 1537 clericus
491 1482 642 1546 asserebat,
656 1481 802 1538 communi
812 1482 927 1538 decreto

99 1578 250 1626 venerunt.
269 1572 299 1626 ln
317 1587 372 1642 qno
387 1571 538 1639 fodientes,
553 1571 693 1637 lanceam,
708 1571 780 1627 siout
794 1570 927 1627 aelerico

988 415 1119 472 hominos
1134 416 1184 472 tihi
1210 414 1292 471 subdi
1309 428 1431 482 recusas,
1448 418 1474 466 et
1498 407 1675 465 Christianus
1690 406 1749 462 lteri
1765 421 1808 462 re·

986 505 1112 571 nuntias,
1124 513 1154 560 ul
1167 505 1269 576 viginti
1285 505 1391 559 tirones
1406 502 1440 556 de
1456 507 1502 556 tua
1513 498 1601 568 eligas
1616 493 1808 560 multitudine¹

986 600 1058 668 quud
1075 599 1160 654 eliam
1176 595 1330 652 christiani
1348 594 1462 658 iaciant,
1477 596 1506 648 et
1526 590 1600 646 datis
1616 587 1805 659 utrinqueob·

985 688 1104 756 sidihus,
1121 697 1148 744 et
1162 689 1235 745 lacto
1255 690 1416 757 juramento
1446 684 1579 754 utrinque
1594 688 1622 737 tu
1638 681 1667 737 in
1680 681 1732 737 deo
1747 687 1807 746 tuo,

985 776 1040 847 ipsi
1054 777 1083 833 in
1099 777 1157 834 Deo
1172 793 1232 848 suo,
1242 775 1380 846 singulari
1393 773 1548 830 certamino
1559 771 1588 827 in
1599 769 1690 826 medio
1701 768 1804 826 eoulli-

984 873 1063 938 gant.
1080 870 1113 922 lit
1133 866 1157 921 si
1173 865 1341 921 Christianis
1364 864 1483 920 victoria
1499 878 1559 918 non
1577 858 1736 931 contigerit,
1753 856 1805 927 ipsi

984 955 1015 1010 in
1030 962 1133 1010 terram
1149 970 1228 1010 suam
1244 953 1361 1024 pacilloe
1375 963 1401 1008 et
1417 952 1479 1007 sine
1492 953 1598 1007 damno
1613 948 1805 1016 redeant,dn·

986 1043 1118 1100 tiochiam
1135 1043 1185 1099 tibi
1200 1043 1369 1109 reddentes;
1385 1042 1409 1097 si
1431 1057 1494 1097 vero
1510 1040 1550 1095 tui
1566 1036 1740 1107 triumphare
1756 1050 1808 1091 ne·

984 1133 1136 1205 quiverint,
1160 1133 1278 1205 pacifice
1304 1136 1333 1188 tu
1351 1133 1446 1204 tuique
1463 1131 1498 1186 ab
1508 1130 1644 1186 obsidone
1654 1127 1806 1197 repedetis,

985 1224 1084 1279 urbem
1099 1233 1127 1280 ct
1143 1232 1245 1280 terrum
1265 1222 1347 1279 nohis
1368 1221 1571 1292 relinquentes,
1582 1226 1609 1274 et
1624 1234 1681 1273 non
1691 1216 1807 1288 patiaris

984 1321 1094 1370 tantum
1121 1313 1277 1371 exercitum
1300 1311 1392 1384 perire
1421 1317 1520 1366 mutuo
1542 1307 1754 1377 confligentem.
1777 1305 1806 1361 si

984 1410 1078 1459 autem
1102 1402 1155 1459 hoc
1178 1420 1194 1457 a
1219 1401 1388 1458 Christianis
1416 1401 1561 1456 decretum
1592 1392 1807 1465 contempseris,

984 1499 1077 1549 certus
1092 1491 1132 1547 sis
1147 1491 1212 1563 quia
1233 1491 1356 1546 crastina
1371 1490 1434 1545 luce
1449 1486 1577 1543 universi
1602 1493 1694 1540 tecum
1711 1482 1809 1554 praelia

984 1587 1144 1636 conserent.
1159 1603 1172 1629 o
1189 1579 1348 1647 cnrbaban,
1360 1577 1404 1633 his
1415 1575 1530 1642 auditis,
1543 1575 1624 1630 Petro
1635 1575 1665 1628 in
1676 1569 1808 1642 superbia

96 1660 267 1725 didicerant,
285 1660 473 1727 invenerunt,
490 1660 636 1716 inventam
648 1667 743 1715 autem
758 1661 788 1715 in
800 1676 925 1730 praesen·
943 1691 967 1756 Β
984 1688 1086 1742 magna
1100 1672 1265 1743 respondit:
1280 1693 1293 1721 a
1307 1671 1410 1738 Unum,
1424 1669 1512 1736 Petra,
1529 1675 1556 1723 ta
1566 1666 1638 1723 noire
1654 1665 1717 1720 volo
1732 1662 1807 1734 quod

98 1750 167 1805 tiam
183 1749 315 1805 omnium
328 1750 553 1806 christianorum
566 1751 727 1821 principum
745 1750 775 1805 in
791 1751 852 1821 ipso
868 1767 928 1807 ora·

100 1841 173 1895 torio
196 1839 389 1910 protulerunt,
414 1840 569 1911 plurimum
597 1841 672 1898 hanc
704 1841 887 1913 divulgantes
903 1849 930 1897 et

98 1935 175 1986 ostro
192 1930 315 2001 pretioso
330 1931 517 1987 involventes.
535 1932 567 1987 ln
587 1931 673 2002 hujus
689 1932 813 2002 denique
829 1932 928 1987 inven-

100 2023 176 2078 tione
189 2031 292 2092 spesct
305 2020 403 2077 latitia
413 2038 515 2092 magna
530 2021 605 2078 lacta
620 2029 662 2078 est
677 2023 706 2077 in
724 2021 833 2094 populu
848 2022 928 2079 Chri-

99 2114 269 2178 stianurum,
285 2112 333 2183 qui
350 2128 408 2169 non
425 2113 535 2168 modica
550 2111 715 2169 celebritate
742 2119 769 2168 el
784 2112 928 2170 oblatione

98 2201 317 2258 innumerabilis
331 2203 393 2258 auri
408 2209 434 2258 et
450 2205 560 2273 argenti
577 2202 650 2260 hano
674 2210 798 2262 venerati
813 2211 890 2260 sunt.

116 2309 179 2365 car.
194 2309 289 2366 XLIV.
305 2341 339 2352 -
356 2311 406 2367 Ubi
419 2313 515 2367 Petrus
530 2312 668 2379 leontiano
683 2312 812 2383 fungitur
832 2314 908 2385 apud

263 2383 416 2453 Conlatino,
431 2383 590 2456 prinoipem
602 2383 763 2441 obsidionis.

134 2474 297 2527 Transactis
313 2472 416 2528 deinde
430 2473 539 2544 aliquot
554 2474 664 2542 diebus,
682 2476 776 2532 omnis
787 2477 927 2547 primatus

100 2566 128 2617 et
148 2562 237 2618 duces
259 2562 412 2618 christiani
441 2562 580 2619 exercitus
603 2564 697 2620 adhuc
720 2564 885 2625 haesitantes
899 2575 927 2625 et

99 2651 160 2705 ritae
176 2650 340 2707 diffidentes
356 2653 384 2708 in
402 2659 440 2708 tot
454 2652 680 2721 adversitatibus,
697 2661 724 2709 et
737 2654 820 2711 lamis
837 2658 926 2726 pesti-

97 2740 199 2807 lentia,
216 2739 379 2812 bellumque
405 2756 471 2798 cum
495 2744 539 2797 tot
561 2742 725 2798 nationibus
748 2747 926 2803 committere

98 2836 268 2896 metuentes,
286 2845 318 2885 eo
339 2829 413 2900 quod
433 2831 541 2886 viribus
567 2831 717 2887 hominum
745 2841 772 2889 et
788 2849 925 2904 equorum

97 2917 259 2975 valetudine
286 2920 413 2975 exhausti
438 2928 543 2983 essent,
559 2920 681 2976 consilio
697 2922 776 2988 inito,
792 2923 925 2981 decreue-

95 3017 161 3064 runt
176 3007 347 3073 legatiouem
364 3010 474 3065 mittero
489 3008 639 3065 corbahan
655 3011 788 3080 magistro
805 3018 831 3068 et
841 3013 920 3083 priu-

93 3097 152 3166 cipi
168 3101 310 3153 exereitus
333 3107 359 3153 ot
375 3098 542 3155 obsidionis.
559 3100 611 3154 Sed
635 3100 783 3155 nominem
806 3101 917 3158 iratene-

982 1760 1135 1816 Christiani
1150 1759 1266 1830 eligant,
1284 1758 1394 1815 scilieet
1410 1762 1442 1814 ul
1456 1756 1550 1812 omnis
1560 1752 1696 1810 imberbis
1708 1753 1808 1821 iuren-

983 1857 1028 1904 tus
1042 1850 1077 1905 ad
1093 1864 1145 1905 nos
1161 1851 1320 1915 transeant,
1332 1846 1401 1901 rnihi
1414 1844 1567 1903 etdomino
1581 1859 1653 1908 meo,
1669 1840 1805 1912 regicor·

981 1953 1076 2005 ronan,
1100 1936 1265 2003 servientes,
1291 1951 1364 2007 quos
1379 1935 1488 2005 magnis
1501 1931 1646 1988 benolioiis
1660 1938 1687 1985 et
1704 1944 1806 1985 mune·

982 2026 1060 2082 ribus
1074 2025 1230 2082 ditabimus
1243 2043 1250 2093 ;
1267 2025 1370 2097 puellae
1390 2024 1483 2080 adhuc
1498 2023 1610 2078 intaotae
1624 2019 1755 2076 similiter
1770 2019 1805 2075 ad

982 2132 1036 2172 nos
1050 2131 1196 2172 accessum
1212 2114 1335 2172 habeant
1350 2121 1376 2170 et
1387 2113 1498 2169 uiuendi
1513 2111 1656 2168 licentiam
1671 2127 1678 2178 ;
1695 2108 1805 2165 barbati

982 2220 1046 2261 nero
1062 2209 1090 2260 el
1104 2205 1228 2276 aliquam
1244 2204 1381 2262 canitiem
1398 2202 1533 2258 hahentes
1555 2216 1621 2257 cum
1637 2197 1804 2256 mulieribus
1860 2195 1867 2215 ¹

981 2295 1078 2366 nuptis
1091 2294 1252 2351 decollandi
1268 2301 1343 2349 sunt.
1358 2292 1472 2363 Alioqui
1488 2290 1561 2347 nulli
1576 2304 1690 2361 peream
1718 2287 1804 2358 niati,

980 2385 1027 2439 sed
1045 2399 1145 2438 omnes
1157 2382 1256 2440 delebo
1268 2383 1297 2437 in
1309 2397 1358 2438 ore
1368 2379 1472 2451 gladii,
1487 2395 1557 2450 quos
1568 2385 1663 2434 autem
1676 2375 1801 2443 voluero,

981 2473 1011 2530 ln
1028 2471 1135 2528 catenis
1149 2480 1175 2528 et
1191 2471 1312 2527 uinculis
1327 2471 1424 2527 terreis
1447 2469 1596 2525 abducam.
1615 2489 1628 2516 n
1644 2469 1705 2521 Hoc
1723 2463 1800 2521 dieto
1887 2520 1890 2525 ,

979 2561 1102 2619 ostendit
1117 2561 1142 2617 ei
1158 2562 1254 2617 omnis
1267 2561 1379 2631 generis
1393 2567 1556 2617 catenarum
1577 2564 1603 2613 et
1618 2555 1798 2614 vinculorum

978 2653 1091 2722 copiam
1106 2649 1348 2707 innumerabilem
1362 2653 1389 2705 et
1404 2648 1574 2705 inauditam.

978 2757 1041 2813 Can.
1057 2755 1149 2812 XLVI.
1166 2786 1199 2796 -
1209 2756 1308 2811 Petrus
1319 2757 1476 2821 reuertitur,
1493 2753 1633 2824 responsio
1647 2748 1800 2831 mitioribus

1013 2828 1155 2954 mm*
1169 2832 1197 2882 et
1212 2826 1278 2899 quid
1291 2829 1366 2898 facto
1378 2843 1446 2899 opus
1455 2828 1492 2881 sit
1505 2827 1532 2881 ia
1548 2839 1690 2881 communae
1705 2824 1799 2879 descre-

1016 3008 1112 3064 Petrus
1126 3009 1160 3064 ad
1179 3008 1239 3064 haeo
1254 3024 1271 3062 a
1284 3005 1432 3063 corbahan
1449 3008 1565 3075 accepta
1589 3000 1704 3058 licentia
1719 2998 1798 3056 rede·

937 3057 1058 3165 cundi,
1092 3097 1189 3154 urbem
1216 3095 1398 3152 Antiochiam
1424 3093 1560 3159 introivit,
1587 3090 1798 3147 renuntiaturus

93 3194 160 3241 runt
176 3185 224 3258 qui
241 3193 296 3240 tarn
319 3186 503 3249 l'erocissimm
518 3193 544 3242 et
561 3185 683 3259 superbo
699 3187 776 3258 loqui
791 3190 917 3259 auderet,
971 3186 1143 3256 jactantium
1173 3200 1256 3256 quam
1282 3183 1465 3239 audiverata
1494 3180 1652 3238 corbahan.
1680 3179 1798 3234 Etocce
1888 3244 1891 3251 ¹

92 3290 242 3345 quousque
259 3275 365 3341 Petrus,
378 3275 425 3345 qui
442 3275 615 3344 principium
632 3275 716 3344 hujus
728 3277 780 3332 viae
796 3278 918 3347 exstitit,
975 3277 1099 3332 uttisersi
1113 3276 1256 3346 principes
1266 3276 1295 3332 iu
1308 3274 1418 3332 circuiti
1430 3273 1502 3329 Petri
1513 3270 1720 3342 conglobantur
1731 3285 1797 3329 cum

93 3381 122 3422 se
137 3367 246 3421 iturum
263 3366 458 3421 indubitanter
473 3366 586 3431 obtulit,
597 3374 623 3421 et
640 3366 751 3422 homiui
768 3369 918 3434 magnifica
974 3367 1082 3422 coeteris
1096 3365 1264 3422 Christianis
1278 3363 1424 3433 tuilitibus,
1436 3363 1502 3433 quid
1517 3362 1666 3418 corbahan
1679 3377 1795 3432 respon·

87 3453 189 3510 nuntia
204 3453 357 3509 dicturum.
375 3454 441 3509 Sine
460 3470 540 3510 mora
557 3454 685 3523 injuncta
701 3455 755 3510 sibi
777 3455 918 3526 legatione
973 3456 1055 3524 derit,
1071 3455 1232 3513 auscultare
1246 3456 1438 3511 desiderantes
1449 3463 1475 3510 et
1490 3454 1563 3510 seire
1577 3461 1672 3508 utrum
1689 3452 1795 3509 bellum

89 3545 194 3599 ndncn
214 3535 379 3608 Godelrido,
406 3544 569 3599 boemundo
591 3551 618 3599 et
639 3544 703 3599 aliis
726 3545 917 3617 principibus,
973 3545 1174 3613 attulerit,aut
1201 3545 1317 3617 aliquod
1349 3544 1441 3600 lmdus
1470 3543 1547 3614 pacis
1575 3542 1794 3601 constituenda.

91 3632 189 3690 Petrus
205 3634 357 3705 predictus
382 3638 487 3690 statura
505 3634 636 3705 pusillus,
653 3635 702 3688 sed
728 3636 836 3691 rrreritis
856 3652 915 3691 ma·
973 3639 1075 3690 Petrus
1090 3634 1281 3691 circumtusus
1297 3634 1424 3690 fidelium
1450 3632 1551 3699 turbis,
1568 3632 1717 3688 corbahan
1734 3631 1797 3689 hal-

94 3738 178 3793 gnus,
207 3724 240 3776 ad
269 3723 421 3777 tentorium
438 3722 595 3790 corbahan,
612 3725 641 3779 in
659 3724 751 3779 medlo
766 3724 916 3794 gentilium
974 3722 1795 3795 lumdesiderareindicat,nihilquenisiiusuperbiamu-

93 3811 145 3869 iter
157 3827 345 3882 presumens,
358 3811 413 3867 Deo
436 3816 599 3883 protegente
615 3813 691 3867 solus
707 3815 844 3883 pervenit.
865 3815 916 3870 cui
973 3831 1027 3884 gna
1043 3819 1071 3870 et
1087 3813 1190 3870 liduoia
1202 3814 1392 3869 multitudinis
1403 3830 1460 3869 sum
1473 3814 1600 3869 locutum
1616 3813 1702 3868 luisse
1714 3829 1795 3869 asse·
1871 3854 1873 3859 ,

96 3917 144 3972 per
159 3901 329 3970 interpretes
346 3900 445 3956 nuntia
457 3899 683 3956 Christianorum
703 3901 733 3958 in
758 3901 835 3959 hunc
855 3921 917 3959 uro·
973 3904 1018 3972 rit,
1034 3910 1060 3957 at
1074 3913 1175 3959 catera
1194 3902 1346 3969 turinorum,
1361 3918 1422 3973 quta
1446 3903 1583 3969 audierat,
1600 3903 1703 3957 rcierra
1718 3901 1794 3958 inci·

95 3992 163 4047 durn
179 3991 292 4047 retulit:
308 4014 321 4041 a
334 3992 496 4061 corbahan,
510 3991 638 4061 princeps
651 3993 806 4050 clarissime
817 3994 916 4063 etglo-
973 3993 1022 4062 pit.
1039 3992 1092 4047 Sed
1108 4007 1172 4049 eum
1184 3993 1335 4062 procedere
1346 3990 1463 4046 ulterius
1478 3990 1537 4046 dux
1552 3990 1718 4047 corlelridus
1734 4005 1792 4046 trun

95 4083 252 4139 riosissime
267 4083 296 4138 in
310 4091 358 4138 tuo
374 4099 471 4152 regno,
488 4083 605 4138 nuntius
620 4099 681 4137 sum
701 4084 845 4139 codefridi
860 4084 915 4140 du·
973 4081 1428 4151 patitur3sedsaorsumductum
1446 4081 1567 4146 monuit,
1585 4079 1790 4149 nequidquam
1855 4084 1862 4093 ‘

94 4174 144 4237 cis,
161 4171 319 4227 Boomundi
332 4177 357 4226 ot
370 4171 543 4242 principium
558 4172 644 4226 totins
656 4171 822 4226 christiano
841 4173 914 4228 mul·
972 4168 1007 4224 do
1023 4169 1155 4224 omnibus
1177 4185 1237 4241 quoa
1258 4169 1387 4224 audierat
1411 4166 1461 4223 ulli
1476 4166 1594 4232 indicet,
1610 4183 1645 4222 nc
1660 4167 1792 4237 populus,

93 4262 237 4317 titudinis:
253 4261 364 4316 decreta
379 4264 407 4317 el
430 4262 581 4317 consilium
598 4276 706 4331 eorum,
723 4263 797 4331 quud
823 4267 915 4332 porto,
972 4274 1030 4326 prae
1041 4258 1140 4314 timore
1155 4265 1181 4313 ot
1195 4257 1323 4327 augustia
1338 4257 1483 4323 delicians,
1497 4255 1598 4313 ahello
1613 4256 1791 4312 subtrahere-

95 4366 128 4405 na
142 4349 308 4418 dedigneris
322 4350 462 4419 accipere.
491 4348 914 4406 Ductoreschristianiexorci·
973 4346 1206 4400 tubilustrium
1231 4346 1470 4402 hebdomadarum
1493 4356 1518 4402 et
1547 4346 1661 4402 tolidem
1682 4346 1792 4401 dierum

95 4446 138 4494 tus
159 4439 354 4504 decreverunt,
373 4438 397 4492 si
416 4438 527 4494 Christo
551 4440 681 4506 Domino,
700 4439 747 4509 qui
770 4454 851 4495 verus
872 4444 915 4494 est
972 4443 1144 4504 processerat
1160 4442 1341 4507 tempusque
1364 4433 1485 4504 populus
1499 4434 1675 4491 Christianus
1694 4435 1793 4492 obses-

93 4533 167 4585 Deus
182 4535 209 4583 et
225 4527 275 4583 Dei
293 4527 377 4593 lilius,
389 4529 504 4583 credere
521 4527 707 4598 coarccsseris,
723 4534 750 4584 at
765 4528 915 4598 gentilium
971 4539 1019 4578 sus
1033 4524 1117 4594 coepit
1132 4524 1286 4589 angustiari
1302 4525 1421 4594 penuria
1444 4525 1667 4581 necessariorum
1694 4532 1720 4580 ot
1746 4526 1792 4580 de·

94 4617 502 4690 spurcitiisabrenuntiaveris,
515 4617 553 4671 tui
568 4617 628 4673 fieri
645 4617 759 4685 milites,
776 4624 803 4672 et
814 4617 915 4673 Antio·
970 4613 1091 4669 lectione
1106 4613 1197 4684 panis.
1213 4613 1360 4670 Undenon
1372 4613 1571 4669 ultrasullerro
1583 4613 1790 4682 basinianus,

91 4706 343 4764 chiam'ciuitatem
358 4705 389 4760 in
407 4721 493 4761 nranu
510 4712 556 4762 tna
573 4707 764 4772 restituentes,
776 4706 826 4762 tihi
842 4707 915 4764 sicut
970 4705 1091 4760 invicem
1107 4704 1271 4761 consultum
1288 4705 1393 4761 redunt
1407 4703 1504 4776 magni
1518 4713 1545 4759 et
1560 4703 1647 4773 patrui,
1664 4703 1791 4757 dicentes

92 4797 207 4854 domino
221 4800 249 4851 et
266 4795 394 4865 principi
408 4795 513 4851 servire
541 4794 629 4866 parati
645 4803 720 4851 sunt.
739 4818 753 4844 n
769 4797 847 4863 Quod
862 4812 912 4851 eu·
969 4794 1069 4849 utilius
1084 4810 1145 4850 esse
1160 4794 1234 4850 mori
1258 4794 1287 4849 in
1309 4794 1383 4850 bello
1398 4809 1482 4865 quam
1498 4793 1575 4848 lume
1600 4800 1654 4847 tam
1680 4791 1788 4847 erardoli

93 4889 160 4960 dire,
173 4904 211 4944 ne
225 4889 294 4942 durn
316 4886 420 4951 lacere,
437 4886 618 4957 contempsit.
637 4887 748 4942 Petrum
765 4903 829 4943 roro
845 4891 913 4943 lirc-
969 4885 1070 4954 perire,
1095 4888 1123 4938 at
1142 4884 1176 4939 de
1200 4883 1247 4939 die
1271 4883 1302 4939 in
1335 4883 1409 4938 diem
1437 4881 1573 4952 populum
1598 4880 1737 4936 attenuari
1753 4889 1789 4951 „ot

93 4981 187 5036 mitam
204 4976 359 5046 sacrilegos
387 4976 457 5031 ritus
487 4992 551 5032 suos
584 4982 610 5030 ot
630 4979 736 5031 sectam
764 4977 912 5045 gentilium
970 4973 1051 5028 muri.

91 5071 197 5133 edocet,
215 5082 344 5122 asserens
359 5080 389 5120 se
404 5080 548 5136 nunquam
565 5063 600 5118 ab
621 5064 673 5119 hac
689 5067 828 5120 reuertere.

90 5176 151 5232 Can·
167 5174 255 5231 XLV.
273 5202 307 5213 -
323 5175 388 5226 item
403 5169 589 5237 (luncuernet
609 5186 691 5240 qurum
712 5170 817 5226 turnide
830 5170 911 5243 prin·

263 5260 326 5314 σερε
342 5243 423 5298 aerbo
435 5241 580 5309 legationis
592 5243 739 5312 acceperit.

121 5339 233 5397 Petrus,
251 5333 348 5386 auditu
364 5329 521 5395 corbahan,
536 5346 638 5399 nempe
654 5331 729 5402 quod
747 5331 912 5387 inderisum
1002 5329 1042 5383 Ad
1060 5327 1133 5382 hariae
1144 5342 1240 5382 rocem
1251 5326 1453 5396 conquerentis
1468 5326 1564 5397 populi
1580 5327 1789 5384 indicitur'bcl·

89 5442 191 5482 nomen
207 5428 237 5480 et
251 5418 475 5476 admonitionem
497 5419 662 5475 christiana
678 5420 745 5475 fidei
759 5422 910 5491 acciperet,
966 5415 1024 5470 lum
1040 5413 1162 5471 crastiua
1185 5414 1232 5469 die
1246 5414 1392 5470 loturum:
1413 5415 1604 5488 unitatibusque
1625 5415 1740 5486 jubetur
1759 5426 1788 5472 ut

85 5514 180 5574 arraei
196 5508 310 5582 aperuit
332 5507 448 5563 nuntia:
463 5529 478 5557 a
503 5508 674 5574 Visanest,
696 5509 800 5580 inquit,
816 5509 912 5566 adhuc
965 5508 996 5562 in
1025 5502 1200 5561 orationibus
1225 5511 1402 5574 pernoctent,
1418 5513 1445 5561 et
1469 5505 1638 5564 delictorum
1670 5521 1786 5566 suorum

967 5081 1030 5136 Can.
1047 5079 1150 5136 Xlllll.
1167 5109 1201 5120 -
1216 5079 1327 5133 Bellum
1342 5077 1487 5144 inrdictlur,
1498 5093 1590 5133 ornnes
1605 5080 1685 5150 quusi
1699 5078 1788 5135 inori-

1002 5152 1062 5206 turi
1072 5154 1101 5204 in
1111 5152 1267 5205 crastinum
1279 5155 1491 5219 preparantur,
1507 5158 1532 5204 et
1547 5149 1707 5208 distribuite
1717 5152 1790 5206 acies

1002 5222 1052 5277 salt
1064 5221 1178 5277 ducibus
1193 5223 1266 5276 acies
1275 5223 1326 5275 sub
1342 5220 1457 5276 ducibus
1469 5220 1644 5277 ordinentur.
