3788 6000
20 440 22 447 '
134 424 242 479 Eorum
262 413 421 471 internecio

132 216 209 282 totu

133 349 304 419 iunguntur
319 357 416 398 amore
428 341 486 412 pio,
549 339 653 397 mortis
667 340 775 397 dantur
789 340 874 398 exitio
891 359 899 399 ι

548 413 581 467 tit
595 411 737 468 Vtandriae
752 414 894 470 conlusio.

136 492 188 547 Hie
203 503 270 545 cum
284 484 398 541 duobus
409 482 478 540 filiis
553 490 635 555 pater
649 488 805 540 truncatur
820 485 938 557 gladiis,

138 561 192 629 Qui
207 558 283 616 eruti
299 560 335 612 ab
352 556 450 626 impiis
556 555 620 611 coeli
636 556 775 611 i'runntur
789 557 916 630 gaudiis,

138 637 202 688 linx
218 631 342 686 istorum
360 627 494 699 cognatio
555 626 737 697 compatiens
747 627 846 694 exitio,

137 708 240 776 Luget,
257 702 347 773 gemit
361 699 449 756 corde
464 698 522 769 pio,
556 706 585 753 ut
600 699 689 771 exigit
702 699 842 755 conditio.

138 775 239 832 Cesset
253 773 358 830 amodo
373 770 465 840 luere,
553 769 670 826 studeat
682 786 782 841 preces
792 771 925 841 tundere,

139 847 262 904 Constat
275 844 537 915 animosquaerere,
551 843 647 913 juvari
664 858 781 914 precum
798 859 926 900 munere.

138 920 190 975 Pia
202 917 252 974 Dei
269 914 434 981 clementia,
551 930 642 971 casos
658 930 710 985 pro
725 919 774 972 tua
789 915 885 985 gratia

138 990 277 1047 Transfer
287 988 322 1044 nd
339 986 404 1044 cccli
420 984 538 1058 gaudie,
554 991 587 1040 ut
601 991 698 1041 tecum
714 987 776 1042 sint
790 985 939 1130 in[gloria.

866 1073 943 1114 man.

216 1166 242 1239 ξ.
263 1166 317 1221 ΙΙΙ.
343 1162 468 1220 Vindicta
484 1164 517 1220 tte
535 1171 621 1220 morte
634 1164 754 1236 ejusdem
770 1165 886 1222 comitia.

176 1271 539 1397 Descriptamorteconlm·
554 1270 667 1327 cunctis
683 1271 777 1328 invisa
792 1270 918 1344 populis,

502 1360 527 1398 rs

143 1413 295 1487 Lacrymis
309 1341 537 1485 ilsndaseduilis:
553 1417 582 1469 ct
596 1413 730 1470 inaudita
743 1413 878 1484 seculis;

142 1486 356 1544 Describuntur
368 1484 498 1541 crudelia
553 1485 711 1557 impiorum
727 1485 882 1558 supplicia.

142 1561 210 1627 Qua
226 1573 278 1630 pro
294 1574 349 1613 sua
363 1557 494 1629 nequitie
552 1556 736 1628 pertulerunt
748 1558 779 1613 iu
798 1556 945 1615 Flandria.

177 1630 264 1686 iusta
280 1629 328 1684 Dei
344 1629 472 1699 potentia
550 1629 652 1684 volens
666 1633 747 1685 tauta
761 1628 882 1701 flagitia,

142 1700 300 1774 Suppliciis
315 1701 441 1756 obnoxia
550 1700 647 1784 puniri
664 1717 728 1756 curn
741 1701 869 1770 justitia,

142 1772 275 1829 Mittitab
285 1778 389 1829 austro
400 1770 538 1836 indicem,
549 1772 674 1841 justitia
689 1772 835 1844 opificem,

144 1845 179 1900 ut
188 1843 325 1915 nequities
340 1842 497 1908 vindicem,
552 1842 600 1914 qui
610 1844 709 1915 impiis
721 1844 824 1900 reddet
837 1844 938 1900 vicem.

180 1915 266 1972 Venit
281 1914 373 1987 igitur
389 1914 516 1972 Francia
553 1930 603 1970 rex
619 1915 789 1988 provisurus
805 1917 915 1987 patria,

144 1986 284 2043 iuimicus
300 1986 445 2057 nequitie,
555 1990 583 2041 et
597 1987 708 2044 amicus
720 1987 861 2058 justitie:

145 2057 203 2114 Init
216 2057 327 2143 grande
342 2057 510 2126 consilium,
553 2058 679 2127 qualiter
694 2075 798 2131 agmen
814 2058 939 2132 impium

148 2128 265 2196 Puerat,
283 2129 362 2210 quod
380 2129 534 2184 dissidium
555 2129 622 2184 t'ccit
637 2146 689 2201 per
700 2129 902 2189 homicidium.

177 2198 536 2341 Cumprrucipibuslc'rtqui·
552 2198 736 2257 denotandis
755 2203 965 2275 conqueritur:

475 2287 537 2341 ,[1Ῑί

148 2339 307 2397 Consilium
321 2341 487 2410 revolvitur,
554 2343 965 2416 eanumtandemsuggeritur:

147 2416 309 2469 Hortautur
335 2417 473 2555 montagu·
490 2427 534 2468 ra·
557 2417 588 2468 ut
602 2416 731 2470 trauseat
749 2414 779 2470 in
791 2414 966 2487 Flandriam‚

467 2499 535 2550 ram,

146 2554 289 2611 Punitura
304 2499 465 2610 notariamg
555 2556 748 2612 nefandorum
763 2557 935 2629 nequitiam.

183 2624 537 2696 Rexirctushoccousilio,
554 2626 623 2683 illuc
639 2628 663 2683 it
674 2644 741 2684 cum
757 2629 913 2703 consortio,

146 2696 205 2753 ilos
221 2696 344 2752 daturus
360 2697 447 2753 exitio
552 2715 638 2770 opere
650 2716 701 2771 pro
717 2701 838 2769 nefario,

145 2767 205 2825 une
218 2768 370 2825 audientes
385 2767 464 2824 noxii
553 2769 717 2842 iniquitatis
733 2772 797 2840 tilii,

144 2841 282 2904 Querunt
297 2838 394 2896 locum
411 2839 525 2911 refugii,
551 2841 609 2897 vim
626 2841 762 2900 timentes
778 2844 904 2927 imperii,

176 2912 535 2969 lutrantcustrumtutiasi-
550 2912 968 2987 adbellendumaptrssimum,

447 2999 524 3040 mum

145 3053 350 3111 corbahantes
359 2989 542 3200 prouiftisai'-
557 3056 630 3113 tueri
646 3056 726 3115 naias
740 3058 912 3132 pessimum.

462 3143 543 3184 mum

145 3197 203 3254 sed
219 3197 542 3268 Isaaosubtraetusest,
558 3199 950 3270 monachussimuletusest,

149 3268 241 3325 Ovinu
257 3269 331 3341 pelle
347 3276 439 3327 tectus
454 3274 508 3340 est,
560 3271 610 3343 qui
627 3273 706 3328 ierox
721 3273 810 3346 lupus
825 3274 903 3330 intus
917 3281 969 3329 est.

330 210 568 275 damnantis
590 209 640 268 ΕΤ
657 190 893 269 'cussanus
914 207 964 269 DE
986 209 1080 272 vita
1099 208 1150 270 El*
1171 209 1296 272 Most.
1318 207 1356 269 B.
1376 203 1519 269 uiant!
1540 203 1642 267 BONl.

967 345 995 412 Α
1045 342 1186 415 Utrinque
1201 341 1310 399 bellum
1326 339 1401 456 geri-
1415 339 1510 397 hostis
1525 338 1639 396 hostem
1650 336 1834 411 aggreditur,

1757 201 1839 265 1⁰⁸8

1334 420 1403 485 ktur,

1013 484 1093 542 alter
1107 484 1243 542 mucione
1259 485 1390 552 caditur,
1418 481 1491 538 alter
1500 479 1600 553 jaculo
1614 479 1725 553 flgitur.

1013 558 1082 615 latis
1095 556 1145 613 dat
1159 558 1236 614 vires
1250 556 1389 624 charitas,
1418 552 1476 610 illis
1491 555 1594 610 crescit
1607 551 1745 610 debilitas
1758 570 1767 622 ς
1791 560 1794 565 '

1012 626 1405 698 Hisunimumdatoequitus,
1419 625 1479 681 illis
1494 623 1572 681 tollit
1586 623 1739 696 iniquitas,

1049 703 1104 767 Qui
1120 699 1224 773 privati
1240 698 1372 768 consilio,
1418 697 1576 780 desperant
1591 695 1627 751 de
1642 695 1765 765 auxilio,

1014 774 1107 830 Tanto
1144 789 1175 829 ro
1189 770 1345 828 homicidio
1418 770 1481 825 dart
1497 768 1602 824 timent
1615 767 1713 823 exitio.

1013 845 1107 916 Caput
1122 790 1211 914 injus
1227 840 1365 914 nequitiae
1419 839 1527 896 nullius
1541 839 1665 910 dignum
1680 838 1774 895 veniae

1014 921 1069 972 Per
1080 917 1239 971 fenestram
1256 912 1385 969 macerie
1419 910 1580 968 dimittitur
1589 910 1625 967 ab
1641 912 1714 968 acie.

1050 987 1126 1043 Dum
1137 988 1272 1059 desperat
1282 984 1408 1040 devonia
1421 992 1541 1056 cogente
1556 982 1748 1051 conscientia,

1014 1060 1100 1132 Fugit
1108 1075 1233 1130 nequam
1251 1073 1302 1130 per
1315 1055 1408 1123 devia,
1425 1054 1528 1111 mortis
1543 1054 1651 1110 timens
1663 1053 1765 1110 exitia.

1014 1135 1077 1186 Huc
1092 1135 1120 1186 et
1133 1129 1203 1186 illuc
1215 1127 1408 1255 progreditur,
1424 1127 1524 1210 sugere
1540 1132 1665 1182 mortem
1677 1125 1793 1193 nititur,

1015 1203 1071 1259 Sed
1087 1201 1176 1259 latere
1191 1218 1248 1258 uon
1282 1198 1386 1268 ruitur,
1425 1214 1474 1268 qur
1490 1197 1544 1254 boc
1559 1196 1832 1270 scalerepremitur,

1051 1277 1238 1347 compertum
1247 1276 1292 1330 est
1299 1287 1410 1415 frapo·
1427 1269 1469 1326 sic
1481 1269 1604 1326 latenter
1616 1269 1785 1342 expositum

1015 1417 1148 1490 Vugisse,
1166 1431 1202 1472 ne
1218 1347 1412 1472 iuteritsriiiim⁹
1432 1412 1536 1470 subeat
1550 1417 1668 1485 propter
1688 1411 1837 1495 maritum.

1016 1488 1129 1546 Passim
1144 1491 1297 1560 perterras
1313 1483 1416 1629 qrffiri’
1430 1485 1550 1541 tandem
1566 1488 1699 1555 repertus
1714 1488 1839 1556 capitur,

1017 1630 1058 1686 ad
1071 1628 1213 1699 judicium
1225 1628 1360 1698 traditur,
1430 1628 1506 1699 quod
1522 1626 1685 1699 premeruit
1701 1625 1822 1698 patitur.

977 1714 1002 1781 Β
1052 1702 1415 1767 Vortorastenenteseum,
1432 1704 1547 1770 ponunt
1559 1697 1588 1752 in
1605 1695 1840 1768 collolaqucum,

1016 1771 1154 1829 Trahitur
1169 1772 1205 1829 ad
1221 1771 1391 1844 equuleum,
1429 1769 1496 1826 tulis
1511 1785 1597 1854 poena
1612 1769 1694 1851 decet
1709 1785 1804 1824 reum.

1019 1847 1051 1902 ln
1064 1843 1189 1914 equuleo
1202 1844 1332 1969 Γοιιίιιιι,
1428 1840 1690 1926 pugn1s‚·i'ustrbus
1706 1840 1840 1924 caditur,

1019 1916 1100 1973 Sava
1115 1915 1200 1987 llagal
1213 1932 1230 1972 a
1245 1919 1364 1988 petitur.
1430 1929 1470 1969 sic
1486 1917 1633 1969 eructatus
1650 1916 1786 1968 moritur.

1056 1987 1277 2060 lstepoatquam
1285 1990 1418 2043 mortuus
1433 1983 1560 2058 patibulo
1570 1999 1735 2055 suspensus
1750 1989 1805 2054 est,

1020 2131 1063 2186 lta
1076 2128 1194 2185 tractari
1212 2130 1321 2202 dignus
1337 2058 1414 2200 §getza
1431 2127 1481 2200 qui
1492 2125 1623 2199 proditur
1631 2126 1776 2253 probatus
1787 2129 1843 2186 est.

1020 2201 1183 2258 Redeamus
1198 2201 1234 2258 ad
1250 2200 1322 2258 alios
1431 2198 1596 2270 iniquitatis
1611 2198 1629 2252 ii
1644 2198 1698 2267 ios,

1020 2272 1194 2328 Proditionis
1210 2273 1356 2341 conscios,
1429 2287 1486 2344 pre
1501 2270 1638 2327 omuibus
1648 2268 1791 2328 nefarios.

1056 2344 1164 2400 Audita
1179 2345 1257 2400 tama
1273 2343 1385 2413 miseri,
1427 2340 1570 2414 decapite
1585 2342 1627 2397 sic
1642 2340 1717 2411 lteri,

1020 2415 1084 2473 Non
1104 2419 1221 2472 cessant
1240 2416 1319 2472 intus
1343 2430 1410 2498 con·
1426 2415 1468 2470 sic
1480 2413 1773 2470 intuentasoonteri:

1022 2557 1188 2629 Bnrgardus
1208 2573 1274 2613 mox
1294 2488 1414 2631 <iiiiii
1429 2556 1545 2629 fugiens
1558 2558 1647 2622 errat,
1662 2552 1790 2627 capitur,

1021 2702 1131 2773 Captus
1145 2702 1181 2758 ad
1193 2704 1316 2758 mortem
1328 2629 1416 2757 aiiii!
1431 2704 1500 2757 rote
1523 2713 1687 2771 suspensus
1708 2695 1846 2756 moritur.

1057 2845 1188 2901 Audiens
1199 2844 1303 2901 cohors
1316 2773 1417 2916 aiiii}
1433 2846 1462 2898 et
1475 2841 1554 2898 huuc
1570 2841 1629 2913 pati
1643 2840 1805 2913 supplicia,

1022 2916 1208 2987 Desperanda
1224 2916 1259 2972 de
1272 2915 1368 2983 venia,
1434 2913 1529 2970 reddit
1544 2911 1657 2969 castelli
1673 2913 1794 2970 musula.

1023 2992 1114 3044 intrat
1129 2998 1257 3044 castrum
1267 2986 1418 3059 raxincly·
1434 2991 1463 3042 at
1479 2985 1573 3058 ipsius
1587 2983 1745 3042 exercitus.

1024 3135 1064 3187 Da
1077 3129 1198 3187 consula
1212 3060 1417 3199 solticituifm'
1434 3127 1528 3185 currit
1542 3127 1691 3183 iuudeudo
1704 3126 1844 3200 gemitus.

1060 3200 1421 3271 Adducittraditumulum,
1437 3199 1581 3272 gemitum
1592 3213 1732 3272 promens
1744 3214 1849 3343 qma·

171 3341 278 3413 Captus
286 3343 543 3415 fateturpeecasse,
559 3348 674 3400 tautum
690 3343 787 3401 scelus
806 3352 972 3418 perpetras·
1025 3344 1097 3416 Flet,
1124 3343 1237 3418 plangit
1274 3360 1422 3416 gammam
1438 3345 1513 3402 bene
1531 3346 1679 3416 regentem
1695 3344 1847 3415 poputum.

928 3433 959 3473 se

148 3482 263 3538 Mortem
272 3483 546 3553 comitistractassa,
563 3501 629 3540 cum
646 3485 745 3542 debuit
757 3416 927 3544 honorassei
959 3456 969 3485 ⁹

147 3551 203 3607 Ora
218 3569 272 3608 suo
288 3554 470 3609 convincitur
560 3556 594 3611 ad
614 3562 792 3613 tormentum
803 3557 969 3630 deducitur,

146 3621 541 3697 Sicinaltumsuspenditur,
558 3627 638 3698 quod
658 3628 765 3684 meruit
793 3630 969 3701 assequitur.

182 3695 276 3751 Intrat
291 3711 358 3768 crgo
383 3713 433 3752 rex
459 3695 542 3753 Flan·
556 3698 704 3756 cohortem
737 3715 870 3772 quarens
913 3701 969 3759 im-

226 3836 232 3849 ·
422 3768 540 3841 idriam,
866 3772 970 3846 [piam,

147 3837 188 3892 lle
203 3836 250 3919 bis
264 3854 315 3911 per
344 3840 392 3898 Dei
420 3841 544 3912 aratiam
559 3841 738 3914 expleturus,
756 3844 910 3901 'ustitiam

26 3970 30 3977 Ι
146 3906 233 3966 Venit
268 3915 376 3968 ctesias
394 3913 482 3984 regia,
556 3913 732 3971 machinisv
763 3915 936 3985 latmoenia,

145 3926 324 4053 Aggreiitur
337 3983 457 4055 palatia,
556 3986 662 4057 quibus
681 3986 753 4043 latet
771 4003 842 4058 gans
867 3989 968 4060 impia.

1258 3417 1410 3473 consulum

1024 3488 1077 3543 Eis
1092 3486 1215 3559 expletis
1230 3416 1393 3553 ditioribus,
1415 3459 1423 3488 ⁹
1442 3491 1472 3543 et
1486 3485 1580 3558 captis
1597 3484 1813 3557 proditoribus,

1025 3559 1192 3631 alligantur
1202 3559 1403 3630 compedibus,
1441 3557 1629 3628 mancipandi
1646 3557 1817 3614 tortoribus.

1060 3630 1254 3686 Tractaturde
1266 3629 1421 3703 supplicio,
1442 3629 1604 3701 exquiritur
1618 3629 1763 3695 conlusio,

1024 3701 1124 3758 Placet
1135 3701 1229 3757 vultui
1245 3702 1324 3774 regin
1445 3700 1498 3758 boa
1512 3703 1585 3758 mori
1600 3701 1775 3773 precipitio,

1024 3773 1133 3842 linunt,
1150 3774 1185 3829 ab
1202 3774 1278 3830 arcis
1293 3744 1377 3842 soiio,
1443 3773 1546 3829 mortis
1561 3772 1671 3827 dantur
1686 3771 1786 3839 exitio,

1024 3843 1084 3902 Hoc
1094 3849 1165 3902 sunt
1178 3843 1260 3918 digni
1270 3843 1424 3918 supplicio,
1440 3845 1550 3918 quibus
1563 3841 1659 3917 placet
1673 3844 1809 3916 proditio.

671 4220 1000 4320 EPITAPHIA
1039 4224 1312 4338 ANTIQUA

761 4474 779 4514 c
793 4460 892 4519 Iacobo
907 4460 1004 4535 dejero
1017 4480 1053 4522 ec
1065 4481 1130 4522 aar.
1141 4465 1227 4525 edita.

146 4799 199 4856 llic
211 4799 389 4873 pupillorum
404 4806 496 4873 pater,
512 4803 630 4875 adjutor
643 4805 811 4880 viduarum,

181 4887 313 4945 Salvator
324 4888 437 4962 patria,
452 4889 561 4947 zelator
575 4896 603 4948 et
618 4893 824 4968 Ecclesiarum,

144 4977 203 5037 Pax
214 4983 243 5033 et
257 4978 316 5034 vita
332 4977 406 5050 suis,
422 4979 546 5036 formido
563 4985 592 5037 et
607 4999 685 5040 mors
701 4983 841 5044 inimicis.

180 5066 279 5123 Rebus
294 5083 364 5140 pace
380 5067 444 5125 suis
459 5069 589 5140 undique
603 5073 785 5144 compositis,

144 5152 338 5212 Vtendrorum
349 5156 463 5226 consul,
477 5162 620 5215 Dacorum
636 5162 716 5233 regia
726 5163 834 5236 proles,

178 5243 300 5302 Carolus
315 5244 363 5301 bic
383 5245 464 5313 obiit,
481 5246 624 5306 innocuus
638 5251 733 5322 periit.

143 5335 177 5389 ln
193 5350 277 5405 praee
292 5339 467 5407 prostratus,
483 5337 597 5395 Domini
613 5345 756 5400 mactatus
772 5345 808 5401 ad
822 5363 915 5418 aram,

181 5422 225 5477 Fit
240 5439 292 5494 pro
302 5424 418 5495 justitia
433 5426 552 5483 victima
567 5435 648 5501 grata
664 5437 732 5489 Dco.

144 5509 207 5570 Qua
218 5511 301 5569 vivus
315 5515 416 5584 viguit,
432 5517 588 5576 deiunctae
603 5536 672 5591 paca
688 5523 829 5594 quiescat.

1024 4814 1144 4873 Carolus
1159 4815 1283 4873 excessit
1297 4831 1396 4873 comes
1410 4727 1480 4873 iiise
1495 4815 1622 4888 doloque
1637 4831 1773 4885 snorum,

1023 4906 1098 4965 Ultio
1114 4906 1267 4978 successit,
1283 4921 1363 4964 mors
1379 4907 1452 4963 dura
1466 4904 1621 4979 gravisque
1637 4921 1765 4964 reorum.

1399 5042 1451 5101 111.

1056 5153 1201 5226 liopertum
1215 5152 1247 5210 ia
1260 5153 1427 5211 moecari-b
1440 5152 1478 5208 cd
1487 5151 1612 5210 abraam
1627 5148 1702 5206 baad
1714 5150 1811 5224 prom

1345 5227 1519 5281 eudemum.

1020 5345 1075 5403 Per
1088 5347 1117 5400 ta
1131 5343 1276 5400 viventem
1292 5347 1344 5401 tua
1358 5342 1506 5412 Flandria,
1521 5340 1624 5399 Carcle
1639 5339 1727 5399 fulsit

1056 5433 1154 5502 Fama,
1168 5450 1249 5506 paca,
1265 5433 1360 5504 bunis,
1376 5432 1464 5504 clara,
1480 5431 1575 5498 beata,
1591 5435 1705 5504 potens.
