3788 6000
60 184 122 245 3'l'l
624 183 868 246 continual.
890 174 1072 250 canobio.
1094 186 1213 255 Pedo.

1715 193 1775 258 378

60 315 157 374 cando
169 315 261 373 vitam
278 313 439 373 miserabili
451 315 510 373 line
520 315 725 376 terminarunt.
736 316 890 374 Habebunt
903 320 931 388 Α
946 317 1146 396 claudensque
1158 323 1235 382 ostla
1249 325 1355 384 domos
1371 326 1518 400 oppressit
1541 342 1621 398 eum,
1637 328 1775 401 spoliato·

63 406 186 479 quidem
207 422 310 463 omnes
332 422 474 478 pauperes
497 407 625 463 favorem
649 407 756 463 civium
777 407 892 480 ingredi
947 430 1004 486 qua
1020 415 1083 486 ipso
1096 433 1200 491 corpus
1213 419 1356 492 sepelivit,
1372 421 1772 496 statimquesinemoroespa.

60 496 166 552 domos
182 495 314 568 ipsorum
328 495 363 550 ad
380 496 571 567 expetendam
596 495 820 570 eleemosynam,
845 496 890 552 in·
947 505 987 558 tio
1003 521 1069 562 cum
1087 510 1218 564 vestibus
1233 510 1316 581 pueri
1331 511 1464 583 oppressi
1478 511 1610 568 cucurrit
1622 513 1657 567 ed
1676 512 1770 570 forum

63 585 214 643 irentinus
236 592 335 641 aulem
356 584 473 642 villanis
494 587 636 643 mendicis
651 586 799 643 civitatem
824 586 892 645 Pra·
947 592 984 648 ad
998 597 1151 652 vendenda
1170 599 1354 665 vestimenta,
1382 616 1502 671 sperans
1530 601 1566 656 de
1591 601 1703 657 malitia
1717 619 1772 660 sua

61 692 395 751 genscm,quorumnon
406 681 692 749 eretnumcrus,pra
707 676 798 733 nimiu
811 676 891 734 mul·
947 678 1062 739 lacrum
1080 692 1236 758 reportare,
1253 705 1320 745 cum
1337 690 1416 746 fraus
1431 695 1460 746 ct
1474 689 1560 747 dolus
1574 690 1619 747 vix
1633 689 1677 747 vel
1694 708 1770 749 nun-

60 768 188 824 titudine
198 772 350 837 caeperunt
360 765 450 821 furari
460 768 534 823 ollae
543 767 620 823 circa
630 767 727 840 ignem
740 767 890 826 cumcibie
946 786 1034 844 quam
1049 772 1132 830 alicui
1145 775 1260 832 valeant
1280 779 1475 851 patrocinium
1495 777 1650 850 impertiri.
1672 780 1771 836 consi·

61 857 114 932 qui
130 857 166 913 ad
179 857 355 914 vescendum
372 856 484 913 civibus
501 857 687 927 parabantur,
709 857 783 914 alias
799 858 887 915 etiarn
945 861 1051 917 derans
1065 862 1295 937 itaquaqnidam
1312 866 1515 924 maccellarius
1526 866 1678 924 mulierem
1689 868 1769 925 defe-

59 963 109 1004 res
121 947 311 1014 domesticae,
327 962 521 1018 quascunque
536 951 668 1017 potarent
684 963 795 1019 rapere,
811 947 887 1004 suh·
947 956 1058 1009 rentem
1073 955 1249 1012 vestimenta
1259 957 1287 1012 ln
1299 956 1523 1027 humeris,sicut
1534 975 1597 1015 mos
1607 963 1653 1016 est
1662 959 1770 1016 deferri

58 1037 218 1093 trabebant
229 1037 258 1092 in
270 1037 411 1093 damnum
423 1052 508 1093 snum
523 1037 660 1093 etodium
671 1038 886 1095 universorum.
944 1046 1040 1099 vastes
1060 1043 1177 1102 usuales
1187 1045 1272 1117 juxta
1285 1049 1530 1105 consuetudinem
1543 1047 1700 1118 fullonum,
1712 1063 1766 1123 ag·

59 1125 394 1196 Etitaabsotempore
412 1127 799 1199 denegatusiuitomnibns
816 1142 888 1199 pau·
944 1138 1257 1209 gressuseam,coepit
1285 1154 1413 1210 querere
1442 1138 1479 1194 ab
1493 1155 1537 1209 ea,
1554 1139 1655 1211 quanti
1683 1140 1768 1211 pratil

57 1213 513 1287 poribusinfl0i211⁸d0m⁰il1ffl2
542 1231 595 1271 ¹100
621 1214 838 1288 recipiebantur
851 1215 887 1271 ed
945 1226 1044 1278 essent
1059 1223 1243 1284 vestimenta.
1260 1230 1324 1282 Erat
1351 1226 1427 1283 enlm
1457 1227 1569 1285 ricinus
1597 1229 1662 1299 ejus
1681 1229 1767 1301 cujus

56 1302 297 1373 pernoctationes
312 1304 388 1359 infra
403 1304 549 1360 civitatem
565 1309 594 1360 at
608 1308 698 1374 extra,
709 1303 778 1377 quia
794 1302 889 1360 multe
944 1310 1024 1367 illiue
1036 1320 1203 1386 peremptus
1214 1322 1287 1384 erat,
1297 1316 1764 1389 etcognilfsvestihusduxiteam

58 1391 140 1449 mala
156 1408 190 1449 ex
205 1407 305 1449 eornm
320 1392 466 1449 obscaenis
481 1394 594 1450 actibus
610 1393 724 1451 civibus
739 1393 888 1464 provenie-
945 1400 980 1456 ad
997 1401 1211 1461 maccellariam
1227 1421 1322 1474 suem,
1339 1407 1440 1463 diceas
1467 1422 1497 1463 ae
1522 1405 1595 1463 aelle
1621 1423 1717 1464 emere
1737 1410 1767 1464 et

56 1482 142 1539 bant.
159 1482 282 1548 Quidam
300 1498 443 1555 pauperes
458 1484 565 1555 recepti
593 1485 629 1540 ad
655 1485 886 1557 pernoctandum
945 1487 1138 1548 incontinenti
1151 1492 1261 1550 solvere
1273 1510 1281 1563 ;
1295 1499 1325 1551 at
1340 1494 1391 1550 illa
1401 1500 1499 1551 secuta
1509 1494 1767 1553 osteumveafen·

59 1576 144 1629 extra
160 1572 268 1628 moenia
282 1571 418 1643 civitatis,
434 1577 518 1630 nocta
532 1578 699 1645 surgentes,
722 1579 825 1631 necato
836 1573 887 1630 ho·
944 1581 1096 1635 tesautem
1113 1582 1148 1637 ad
1161 1581 1257 1639 locum
1273 1582 1665 1654 predictum,maccellariue
1682 1600 1766 1642 acce·

61 1664 139 1736 spite
154 1668 184 1719 et
199 1662 312 1720 familia
322 1662 386 1734 ejus
402 1666 563 1735 perempta,
579 1661 686 1721 ablatis
718 1663 806 1721 rebus
826 1679 888 1721 me·
946 1668 1005 1740 ptis
1019 1669 1150 1727 vestibus
1167 1671 1340 1746 diligentius
1354 1673 1443 1745 caepit
1457 1673 1562 1730 intueri
1572 1690 1609 1731 un
1619 1672 1765 1730 liliivlcini

58 1752 196 1823 liorrbus,
212 1757 405 1810 maesserunt.
421 1752 502 1809 Tella
529 1756 560 1809 et
583 1752 641 1811 hire
661 1752 771 1810 similia
785 1752 816 1809 in
830 1754 887 1825 pls-
944 1757 1039 1832 ipsius
1054 1760 1125 1830 sint,
1141 1760 1220 1819 sicut
1247 1762 1464 1835 suspicabatur.
1490 1763 1622 1835 (luraque
1649 1762 1765 1834 plenius

56 1844 159 1916 risque
175 1845 246 1903 locis
260 1844 455 1917 contigerunt.
945 1848 1140 1920 cognovisset,
1154 1851 1289 1924 quesivit
1317 1852 1352 1907 ab
1367 1868 1399 1909 ce
1410 1851 1461 1908 nbi
1476 1856 1570 1909 vastes
1594 1851 1764 1924 accepisset.

93 1942 158 1999 Una
174 1944 308 1999 mendipg
323 1943 475 2000 mulierem
489 1959 643 2014 pauperem
663 1943 698 1999 ad
717 1948 888 2016 pernoctan-
945 1943 983 1993 Af
994 1937 1042 1994 illd
1058 1940 1228 2012 respondit}
1243 1963 1254 1990 a
1267 1940 1390 1997 Domitia
1400 1942 1535 2015 quiedam
1549 1941 1631 1997 dedit
1644 1939 1715 1997 mihi
1727 1940 1764 1999 ud

945 2027 1128 2084 rendendum
1147 2045 1207 2087 cos.
1223 2050 1237 2079 a
1262 2031 1297 2086 et
1312 2029 1380 2087 illa:
1407 2051 1422 2080 «
1435 2030 1545 2087 furtim
1559 2029 1681 2087 sublata
1695 2036 1766 2087 sunt

942 2123 1053 2184 veatcs;
1071 2138 1086 2168 n
1101 2121 1130 2173 et
1142 2119 1294 2188 denegatis
1321 2119 1461 2188 vestibus,
1491 2119 1647 2192 suspendit
1669 2136 1719 2177 eas
1733 2119 1765 2177 in

943 2205 1125 2263 maccellaria
1134 2222 1187 2263 sua
1197 2223 1288 2280 supra
1299 2206 1450 2279 perticam,
1459 2215 1488 2264 et
1498 2207 1527 2265 in
1540 2207 1689 2281 prolixiori
1699 2224 1763 2265 ser·

943 2293 1217 2368 monr,iufraquam
1230 2296 1336 2353 deferri
1361 2298 1454 2369 possit
1478 2297 1626 2369 negotium
1637 2296 1662 2354 ei
1680 2298 1765 2370 cujus

57 2033 129 2089 dum
149 2032 178 2088 in
194 2033 291 2090 Obora
305 2033 459 2104 collegitin
477 2033 595 2105 tugurio
606 2049 737 2107 suo,qure
754 2051 811 2090 non
828 2033 885 2089 ha-

56 2121 146 2178 bebat
156 2123 193 2178 de
205 2123 370 2178 substantia
384 2122 648 2196 sua,nisiquinqus
658 2122 789 2180 frustella
800 2123 886 2194 panis

57 2212 87 2267 in
97 2211 435 2285 sacculo,tegumentum
447 2229 513 2268 vero
523 2212 654 2284 corporis
667 2214 733 2284 ejus
755 2214 814 2269 duo
832 2228 885 2269 ove

55 2302 156 2359 valere
169 2318 227 2358 non
244 2305 389 2373 poterant,
404 2305 504 2358 tamen
521 2301 637 2374 hospite
652 2302 761 2359 domus
778 2304 886 2360 instin-

58 2397 108 2448 ctu
121 2392 231 2448 diaboli
244 2396 274 2447 et
284 2392 370 2447 famis
381 2391 581 2447 nimieeaurie
593 2391 773 2463 impellente,
789 2393 884 2466 ipsam
942 2382 1312 2451 initleiltdelt'flibtittffl·
1330 2385 1449 2443 Munere
1461 2387 1765 2459 V⁰f⁰f⁰¹1¹f⁰lffflssl¹³

58 2481 255 2537 dormientem
265 2482 294 2536 in
310 2485 439 2551 tempore
455 2480 624 2538 noctiscum
638 2483 731 2538 securi
742 2488 885 2556 tanquam
942 2475 1068 2529 θθίῑίῠῑθ
1084 2490 1136 2545 ΡΝ)
1151 2474 1332 2532 Γθθῑῑῑῦῐῑῡῦθ
1346 2477 1596 2543 ίθδῑῑῐῦθῐίῑῡΐίῐίί,
1619 2492 1686 2533 ⁰¹⁰¹
1710 2493 1762 2549 ιί)·

58 2587 179 2643 porcum
189 2571 346 2627 mactando
358 2571 465 2627 crimen
478 2570 630 2627 homicidii
642 2573 887 2643 perpetravitila·
942 2567 1104 2633 putuerunt
1119 2564 1232 2630 stimuli.
1250 2570 1415 2638 (iuvenies
1431 2582 1566 2639 puerum,
1584 2569 1612 2623 ei
1639 2565 1764 2637 cognitis

57 2661 147 2718 babae
161 2661 252 2717 ettam
267 2660 369 2717 eadem
386 2659 717 2732 hospitadomusflltum
729 2660 885 2720 duodecim
941 2652 1073 2709 vestibus
1089 2653 1280 2712 detinuerunt
1296 2655 1447 2724 feminam,
1462 2660 1491 2713 et
1518 2659 1765 2728 praesentaverunt
1878 2664 1881 2673 ⁴

56 2766 215 2818 annorum,
230 2748 282 2822 qui
294 2748 384 2821 hujus
399 2749 533 2805 criminis
562 2753 734 2820 cooperante
756 2752 885 2810 fomento
942 2739 1017 2812 Ρίῑίῑ
1032 2756 1100 2797 θῦῐῦ
1116 2741 1246 2801 V⁰⁸lib¹¹³
1261 2745 1342 2816 pueri
1358 2745 1457 2802 θθίῑθὶ·
1473 2749 1569 2815 Pastis
1585 2744 1703 2819 ⁰⁰8⁰iti
1717 2760 1764 2804 '⁶‘

56 2840 151 2897 hostis
163 2839 288 2912 maligni
296 2843 467 2911 cooperator
476 2838 620 2896 extiterat.
636 2839 692 2896 Sed
704 2840 774 2914 quia
788 2841 887 2899 divina
941 2828 1027 2886 ίῑῑῦῑθ
1039 2833 1225 2902 limum
1236 2833 1441 2907 Judi⁰isj¹¹d⁰¹
1455 2833 1597 2908 Wlblllfl·

57 2930 243 3006 providentia
253 2928 425 3000 hujusmodi
436 2928 561 2986 crimine
572 2944 630 2987 nou
641 2928 712 2986 sinit
721 2928 814 2986 inulte
826 2947 888 3002 per·

56 3018 186 3077 transire
199 3022 312 3075 -eret
327 3021 434 3089 quippe
462 3018 525 3074 dies
555 3034 710 3098 parasceve
730 3018 825 3090 (blant.
840 3021 885 3092 27)

56 3105 245 3180 quoerimen
262 3110 322 3161 tam
348 3104 486 3161 horribile
515 3109 715 3179 perpetratum
743 3110 799 3174 est,
831 3122 891 3179 quo

58 3197 150 3252 etiarn
168 3193 217 3251 die
231 3199 292 3250 loto
320 3193 423 3250 fideles
451 3193 558 3250 Christi
583 3211 635 3266 pro
658 3194 811 3251 devotione
830 3195 891 3252 cir-

61 3288 175 3342 cueunt
190 3299 243 3356 per
257 3282 396 3340 ecclesias
412 3313 445 3324 -
461 3282 649 3355 fortuitisque
678 3285 796 3340 casibus
812 3302 891 3358 quee-

60 3375 130 3430 dam
141 3372 890 3446 muliercsintransitusuccideruntfunualigatum

61 3464 133 3521 fune
147 3467 178 3520 et
190 3461 268 3519 trabi
282 3463 313 3519 in
329 3463 511 3532 sarcofagum
528 3463 604 3519 circa
618 3462 771 3520 ecelesiam
793 3463 890 3521 sancti

60 3551 220 3619 lobannis,
237 3551 287 3608 ubi
303 3568 336 3609 ec
352 3557 482 3624 temporo
498 3567 620 3624 corpora
639 3551 768 3610 humana
783 3553 890 3610 huma·

60 3642 182 3699 bantur.
198 3641 256 3699 Sed
270 3641 340 3715 quia
355 3640 431 3698 filius
446 3642 543 3714 turpia
572 3640 761 3715 nequissimae
787 3643 890 3700 matris

60 3748 169 3805 corpus
183 3731 302 3788 trahere
317 3749 376 3788 non
389 3736 513 3805 poterat,
530 3733 655 3804 presiate
684 3732 822 3789 mulieres
838 3748 891 3790 cu·

60 3822 239 3895 pientaspro
255 3822 374 3878 nomine
402 3821 508 3879 Christi
540 3822 635 3878 allicio
651 3822 842 3895 exequiarum
860 3838 889 3879 se

58 3910 237 3975 immiscere,
253 3915 440 3968 accesserunt
468 3911 504 3967 ed
533 3913 630 3980 funos,
644 3915 673 3967 et
695 3910 803 3967 auxilio
828 3928 890 3969 suec

58 3999 267 4074 possibilitatis
283 4000 451 4056 nitebantur
467 4003 673 4071 empturuopua
686 3999 799 4056 effectui
809 4017 891 4057 man·

58 4094 168 4163 cipere.
182 4090 321 4155 Quasdam
336 4105 403 4146 vero
416 4105 450 4145 ex
463 4089 506 4144 eis
527 4088 705 4145 discretioris
733 4088 822 4145 anirni
839 4107 889 4147 as·

59 4180 173 4252 piciens
186 4194 293 4251 corpus
319 4177 592 4251 sanguinolentum,
608 4178 772 4235 mirabatur
800 4179 887 4236 vehe-

60 4275 175 4327 menter
186 4269 217 4325 in
232 4269 331 4325 animo
346 4285 401 4326 sno
417 4267 579 4336 revolvens,
594 4268 665 4341 quia
694 4284 816 4342 corpora
831 4268 886 4325 hu·

59 4373 146 4416 mana
160 4357 287 4416 naturali
303 4361 396 4416 morte
411 4357 579 4414 decedentia
607 4375 624 4414 a
647 4357 802 4431 sanguinis
825 4374 888 4431 per·

56 4446 308 4521 fusionepenitns
336 4450 407 4506 suut
434 4447 539 4505 aliena.
567 4448 716 4504 Praedicta
746 4445 924 4513 muliereeft

58 4555 124 4597 cem
139 4554 231 4611 super
245 4537 304 4594 hiis
317 4540 442 4594 tractatu
459 4536 608 4610 prolixiori
633 4538 791 4611 separatim
814 4536 884 4609 quid

58 4633 135 4687 esset
148 4628 316 4685 faciendum
332 4627 539 4695 deliberarent,
555 4626 672 4683 interim
694 4627 806 4684 auctrix
821 4644 883 4684 soa·

58 4716 136 4788 ieris,
153 4722 248 4775 mater
264 4717 356 4790 pueri,
370 4717 422 4789 qui
436 4732 543 4789 corpus
555 4715 623 4772 fune
638 4715 784 4788 trahebat,
808 4718 885 4789 lugtc

977 2980 1098 3037 Femina
1109 2983 1373 3056 quaedamsepulto
1386 2983 1445 3041 viro
1458 3001 1511 3041 suo
1522 2989 1551 3041 ct
1568 2984 1679 3044 familia
1694 2990 1768 3058 tota,

911 3070 934 3140 c
949 3068 1013 3126 sola
1024 3069 1084 3126 frlia
1096 3071 1361 3144 superstite,ambe
1371 3072 1567 3130 miserabilem
1580 3074 1667 3132 vitam
1679 3076 1771 3134 duce·

945 3159 1024 3228 baut,
1041 3159 1223 3219 nutrimenta
1242 3177 1294 3235 per
1317 3160 1529 3236 eleemosynam
1557 3163 1766 3237 conquirendo,

941 3250 1004 3320 jam
1020 3255 1161 3323 tanquam
1178 3251 1331 3321 semivivae,
1343 3252 1412 3327 quie
1428 3252 1512 3308 mulli
1528 3269 1689 3326 pauperum
1706 3259 1767 3312 toto

944 3339 992 3396 die
1008 3339 1203 3397 mendicando
1213 3340 1352 3412 hostiam,
1364 3358 1421 3398 non
1433 3341 1498 3399 dico
1509 3343 1670 3400 buccellam
1682 3345 1766 3417 penis

944 3427 987 3484 rel
1004 3429 1185 3498 morsellum,
1200 3430 1259 3487 imo
1276 3430 1382 3488 micam
1398 3432 1484 3505 panis
1508 3432 1551 3489 vel
1571 3434 1766 3507 fragmentum

943 3521 1076 3590 poterant
1089 3524 1233 3591 expetere,
1248 3536 1305 3592 quo
1321 3526 1443 3593 possent
1457 3521 1548 3578 vitam
1569 3522 1768 3583 miserabilem

943 3623 1083 3664 recreare.
1100 3607 1122 3664 0
1138 3609 1164 3665 si
1179 3609 1318 3666 adessent
1332 3610 1447 3684 siliquae
1466 3612 1641 3683 porcorum!
1666 3613 1768 3671 Gonti-

941 3698 983 3768 gil
999 3698 1126 3770 quadam
1141 3698 1188 3755 die
1204 3704 1271 3770 post
1283 3716 1393 3757 vacuos
1407 3699 1523 3758 labores
1551 3702 1698 3761 exhibitos
1713 3720 1766 3777 pro

941 3788 1127 3860 eleemosyna
1157 3787 1235 3844 cirea
1264 3793 1378 3845 noctem
1410 3788 1558 3860 fatigatam
1589 3796 1713 3849 matrem
1737 3797 1767 3853 et

941 3876 1117 3933 esurientem
1135 3877 1244 3934 intrare
1272 3878 1404 3936 domum.
1432 3879 1625 3936 Postmodum
1644 3882 1765 3941 veniens

940 3966 1003 4024 lilia
1013 3965 1140 4039 pulsavit
1155 3967 1189 4023 ad
1206 3966 1326 4035 ostium,
1338 3967 1578 4040 cupicasintrare
1590 3968 1765 4045 hospitium,

941 4055 1020 4113 sicut
1033 4059 1224 4112 consueverat
1238 4055 1365 4129 singulis
1382 4055 1495 4114 diebus.
1511 4055 1604 4114 Mater
1614 4059 1765 4131 prohibuit

940 4145 997 4202 sibi
1012 4144 1166 4201 introitum
1184 4145 1301 4213 domus,
1318 4144 1417 4202 dicens
1435 4161 1469 4202 :a
1482 4145 1525 4203 lld
1550 4146 1619 4218 quid
1637 4148 1766 4209 venisti?

938 4238 1040 4291 Nonne
1050 4235 1112 4305 jnm
1128 4233 1158 4290 in
1175 4238 1268 4292 morte
1282 4250 1314 4291 cc
1330 4237 1470 4306 tauquam
1487 4236 1625 4294 mortua?
1640 4239 1762 4299 Vultum

938 4327 1126 4397 corrugatum
1143 4327 1172 4380 ct
1183 4321 1315 4397 palidum
1331 4324 1436 4391 defers,
1445 4325 1579 4383 morieris
1592 4326 1621 4383 in
1636 4330 1763 4404 tegorio,

938 4418 965 4466 et
979 4428 1038 4467 nou
1054 4411 1110 4468 erit
1123 4411 1172 4484 qui
1188 4414 1217 4467 te
1230 4410 1331 4468 errarat
1344 4411 1433 4470 husto
1446 4437 1454 4482 3
1469 4417 1498 4470 et
1526 4430 1584 4472 uon
1603 4415 1763 4474 intromisit

939 4516 1014 4557 eam.
1031 4499 1159 4573 Contigit
1174 4501 1272 4573 itaque
1288 4504 1412 4558 matrem
1441 4502 1535 4576 ipsam
1559 4505 1661 4562 eedem
1678 4509 1761 4563 nocte

940 4588 1025 4658 mori,
1044 4593 1072 4645 ct
1086 4587 1185 4645 flliain
1198 4589 1452 4647 crastinovenfena
1467 4590 1497 4646 in
1514 4591 1625 4649 foveam
1650 4592 1761 4666 prejec-

937 4683 968 4737 te
983 4684 1086 4750 matre,
1102 4679 1188 4752 longo
1206 4684 1337 4755 tempore
1351 4682 1521 4756 supervixit.

59 4809 195 4881 praesidio
211 4813 334 4865 mortem
350 4806 451 4877 evasit,
469 4823 541 4878 puer
554 4822 621 4864 vero
637 4824 653 4862 a
673 4806 760 4862 dictis
783 4805 884 4864 mulie·
973 4823 1036 4881 ffij,
1050 4824 1233 4898 oemporqbu,
1245 4842 1304 4899 pf„
1315 4825 1401 4882 nime,
1414 4826 1500 4883 fama,
1515 4826 1671 4899 „pompe
1682 4830 1763 4902 pm,

59 4899 139 4955 dhus
153 4899 303 4964 detentus,
315 4896 408 4968 judici
423 4897 548 4953 traditur
563 4895 701 4955 civitatis.
721 4896 814 4952 ludex
829 4913 883 4953 au·
939 4911 998 4969 ffljo
1013 4912 1128 4971 nultum
1139 4915 1301 4972 remedium
1311 4913 1519 4974 consolationi,
1529 4915 1641 4973 gerebat
1653 4917 1762 4989 tmpen.
1863 4928 1866 4933 ·

58 4996 113 5048 ‘⁰¹¹¹
130 4990 249 5063 ⁰⁰8⁰fl⁸
264 4988 385 5046 veritate
399 5005 435 5045 ⁰¹
449 4989 634 5046 ⁰⁰¹¹f0⁸⁸i⁰¹¹⁰
662 4990 756 5062 Ρῦΰίῑί
773 5006 824 5062 1³0f
846 4989 885 5047 Ῑθ·
937 5001 1017 5070 dere,
1032 5006 1061 5059 et
1075 5019 1090 5059 a
1103 5018 1243 5060 converso
1255 5003 1334 5060 lilius
1345 5003 1433 5077 patri,
1449 5009 1543 5060 meter
1553 5004 1760 5064 tllienotitietn
1877 5034 1880 5039 ·

56 5080 214 5156 802800015
231 5080 328 5153 ipsum
344 5079 504 5151 ὓῠθίθῦᾱῑθ
516 5080 675 5151 deputavit.
937 5091 1566 5162 nonbabebat,neeflliamatrie,lratcrfratri
1575 5094 1759 5171 incognitum

79 5182 229 5246 nuceriam
241 5178 359 5245 fornica,
375 5178 507 5251 pulchris
517 5178 661 5235 fructibus
677 5180 816 5236 arborum
832 5195 880 5237 ex·
936 5179 1762 5258 subtrahebaturenimeiscognitionaturaliscognationfs

55 5267 285 5325 bibitiseuidam
299 5282 389 5338 puero
396 5267 755 5338 quatuorennorumbene
765 5267 879 5335 vestito,
936 5286 971 5327 cx
985 5286 1076 5328 causa
1086 5286 1183 5327 rerum
1193 5274 1341 5338 carentia,
1356 5270 1613 5344 stimpleturillnd
1628 5274 1760 5348 prophe·

54 5360 131 5417 sieut
146 5358 177 5414 ia
190 5364 316 5414 castate
327 5354 881 5430 patresmagisconsueveruntdiligere
936 5359 1026 5417 licum
1043 5375 1052 5416 a
1067 5382 1081 5413 e
1099 5364 1260 5416 lextraneos
1277 5360 1372 5417 fectus
1398 5376 1462 5418 snm
1484 5361 1626 5420 fratribus
1644 5364 1718 5422 meis
1731 5369 1762 5423 ct

54 5447 131 5508 filios
146 5463 218 5506 snos
231 5451 262 5504 at
274 5445 391 5515 vendre,
407 5444 609 5505 fraudulenter
619 5444 749 5518 pulchris
766 5461 879 5505 sermo·
934 5446 1106 5522 peregrinus
1120 5448 1200 5507 falius
1211 5448 1314 5508 metris
1328 5464 1401 5508 mae
1426 5451 1513 5525 (Psoi.
1525 5469 1624 5523 urin,
1639 5453 1677 5526 lt.
1692 5475 1710 5507 n
1723 5458 1760 5514 se

53 5539 147 5600 nibus
158 5536 337 5601 blandiendo
358 5535 480 5593 natant
508 5552 576 5595 eum
599 5534 631 5594 in
646 5536 767 5597 domum
783 5552 881 5610 auam,
934 5536 977 5617 sie
991 5538 1306 5616 acacueproptaqaaa
1320 5539 1443 5600 seriem
1462 5542 1608 5601 subhaait
1632 5547 1758 5619 mles.
