3788 6000
17 240 25 251 ”
47 224 61 267 ³
129 275 208 339 rore
676 267 859 330 assumor
882 266 1081 328 consuere
1106 264 1288 328 artesiae.
1759 260 1841 322 roro

129 409 242 471 invenit
256 411 353 465 summ
369 421 420 463 eos
431 405 621 480 insequentes
649 421 729 470 snos,
744 412 770 461 et
786 420 821 460 ex
843 404 951 477 impro·
967 403 1075 476 Adam
1092 407 1266 475 perventum
1281 406 1327 458 eet
1341 401 1515 467 castoriam,
1530 400 1559 455 in
1575 417 1635 472 qua
1660 398 1765 458 lietale
1780 400 1839 456 Do-

47 524 50 529 ·
131 494 959 567 visoincautosinvestietsuperavit3partemoccidit,
1013 491 1084 547 mini
1101 491 1272 548 solemniter
1301 497 1497 562 peregerunt;
1527 489 1627 562 ibique
1656 504 1707 560 per
1725 488 1839 560 aliquot

134 585 287 658 sexaginta
299 601 417 657 quoque
431 601 466 640 ex
481 584 518 639 iis
536 585 618 641 vivos
646 584 885 654 comprehensos,
906 582 961 638 ira·
1013 581 1118 637 morati
1135 581 1208 641 dies.
1224 579 1439 651 quaesitumque
1467 583 1628 634 mercatum
1653 577 1764 633 babere
1781 594 1838 633 non

134 677 170 734 tri
187 691 241 733 suo
261 675 328 731 duci
358 675 574 746 imperterritus
605 672 799 744 presentavit.
830 671 961 727 audiens
1013 669 1418 742 potueruntPrntcndcbant
1441 667 1519 722 enim
1548 667 1682 722 homines
1708 665 1840 722 civitatis

134 764 190 823 boo
205 765 364 835 imperator
378 762 496 817 ltlenius
521 761 649 833 (Aleriae
677 761 754 816 enirn
784 759 960 831 vorabatur),
1013 756 1624 830 illiuseosnequaquamperegrinos,sed
1658 755 1838 826 gladiatores

136 851 220 909 valde
239 849 458 919 iratus,malum
473 848 612 905 exercitui
628 847 734 904 Christi
749 849 779 903 in
806 846 892 904 corde
908 863 962 902 suo
1014 852 1042 904 et
1057 852 1207 919 tyrannos.
1223 845 1372 918 Compulsi
1389 851 1459 902 sunt
1473 861 1553 916 ergo,
1584 844 1683 900 inedia
1707 849 1839 915 cogente,

135 939 338 997 indesinenter
362 937 598 994 machinabatur.
626 936 690 992 Dux
719 938 754 991 de
777 937 962 1007 imperatorie
1015 936 1111 1002 boves,
1130 950 1223 1006 equos
1250 943 1276 989 et
1302 934 1401 990 asinos
1429 949 1542 1005 rapere,
1566 936 1595 989 et
1623 932 1647 988 si
1672 932 1838 1005 quidquod

52 1064 55 1071 ·
136 1028 295 1087 loribunda
312 1027 529 1100 perturbatione
544 1032 821 1097 certus,precavens
836 1025 865 1080 in
883 1027 963 1080 iutu-
1014 1024 1113 1081 manat
1130 1028 1229 1096 posset
1244 1023 1463 1079 convenientius
1478 1020 1691 1079 inveniebatur.
1722 1022 1838 1093 ilgressi

136 1117 376 1188 rum,clsitatem
404 1115 502 1179 exivit,
527 1119 557 1172 et
595 1114 644 1170 ubi
674 1116 756 1187 prius
781 1130 834 1169 eus
862 1114 964 1170 llxerat
1015 1114 1141 1172 subinde
1156 1114 1284 1170 Castoris
1299 1113 1496 1169 castrametati
1513 1115 1583 1168 sunt
1597 1112 1626 1168 in
1640 1110 1839 1185 Pelagoniam.

135 1206 261 1263 tentoria
276 1204 437 1261 collocavit.
455 1205 544 1260 Nocte
559 1206 791 1276 superveniente,
803 1205 890 1275 jussu
906 1203 963 1258 im·
1014 1206 1172 1263 Castellum
1190 1211 1288 1262 autem
1304 1205 1516 1261 llareticorum
1533 1204 1572 1261 ibi
1588 1208 1651 1261 erat
1674 1204 1840 1261 munitissi-

137 1295 280 1369 peratorie
295 1295 397 1349 invasa
408 1297 477 1349 sunt
489 1293 691 1364 caetrnduris,
707 1297 736 1348 et
746 1293 889 1348 exercitus
901 1293 963 1362 ejus
1015 1310 1109 1361 muns,
1126 1294 1243 1350 abunde
1257 1294 1342 1349 bonis
1356 1292 1494 1349 omnibns
1507 1293 1646 1348 retortum
1664 1309 1671 1348 :
1689 1292 1770 1363 quod
1788 1309 1839 1347 un·

139 1383 555 1454 multislaoeseitueinjuriie.
589 1388 650 1439 Dux
679 1383 881 1453 autom,slout
902 1385 965 1438 eret
1015 1382 1104 1454 dique
1119 1380 1534 1455 aggressumbabitatoribus
1548 1380 1682 1451 ejusdem
1712 1396 1782 1436 cum
1809 1397 1840 1437 oo

140 1472 266 1546 hujusce
281 1471 324 1529 rei
338 1472 560 1544 sagacissimus,
575 1475 604 1528 et
619 1475 766 1544 pugnator
793 1471 965 1539 acerrimus,
1016 1471 1191 1538 corrrbuetis,
1221 1472 1342 1528 omnino
1370 1486 1490 1543 pessum
1522 1468 1840 1538 dederunt,boereticls

141 1563 342 1622 excubiatores
371 1563 423 1635 qui
451 1563 585 1618 tentoriis
606 1562 785 1619 excubarent
807 1563 965 1634 prudenter
1017 1561 1159 1617 nimirum
1173 1560 1371 1619 inimicantes.
1390 1560 1497 1617 Omnes
1512 1560 1659 1632 siquidem
1688 1559 1838 1618 illiviato·

140 1653 337 1722 disposuerat,
353 1656 383 1707 et
397 1665 640 1722 unumquemque
654 1649 775 1721 vigilare
800 1650 856 1705 eibi
881 1665 964 1705 man·
1018 1669 1074 1719 ree,
1089 1651 1219 1719 ludens,
1244 1651 1407 1719 hereticos,
1423 1650 1600 1706 Sarracenos
1623 1649 1780 1722 equaliter
1794 1650 1841 1707 ba·

141 1740 259 1797 deserat
274 1755 281 1796 ε
297 1739 441 1796 versutiae
467 1740 545 1794 enirn
575 1739 761 1811 imperatorie
781 1755 838 1794 non
854 1737 964 1795 nescie·
981 1769 1006 1836 B
1021 1741 1090 1798 bent
1104 1758 1217 1811 exosos,
1233 1757 1291 1815 quo
1318 1756 1422 1796 omnes
1444 1737 1593 1811 appellant
1618 1738 1757 1795 inimicos
1783 1741 1840 1796 Dei.

140 1829 201 1887 hat.
218 1827 335 1901 liepulsi
350 1835 419 1883 sunt
434 1826 609 1899 quantocius
623 1827 785 1894 invasores,
801 1832 830 1883 et
844 1844 879 1883 ex
907 1826 967 1882 illis
1022 1830 1145 1888 castello
1161 1832 1252 1904 igitur
1263 1830 1313 1886 illo
1329 1829 1470 1887 radicitus
1494 1829 1602 1896 diruto,
1631 1828 1842 1901 exstinctisque

140 1921 254 1991 septem
271 1917 441 1989 peremptis,
459 1931 551 1988 usque
565 1916 600 1970 ad
629 1924 742 1988 portam
767 1916 894 1972 civitatis
914 1933 968 1971 aa·
1020 1921 1159 1977 omnibus
1173 1919 1389 1976 habitatoribus
1403 1918 1478 1989 ejus,
1496 1917 1628 1975 tentoriis
1639 1916 1772 1974 collectis
1784 1935 1843 1990 per·

140 2005 439 2076 ductorduxiugavit
466 2004 623 2075 fugientes.
652 2006 693 2060 Ad
724 2006 850 2060 tentoria
869 2005 968 2076 itaque
1019 2011 1213 2067 veneruntad
1234 2006 1629 2078 flumenBardnnnm,quod
1653 2007 1843 2063 Boamundne

89 2131 91 2136 ·
141 2112 197 2153 ⁸1¹³
210 2094 408 2160 reversus,iuit
421 2093 461 2149 lbi
474 2109 546 2164 90⁰⁰
558 2093 688 2166 (tumim
706 2094 820 2150 diibus·
837 2096 967 2165 Imperi·
1021 2117 1086 2157 cum
1102 2105 1183 2174 parte
1195 2100 1241 2156 sui
1257 2097 1400 2153 exercitus
1410 2095 1613 2169 pertransivit:
1630 2113 1698 2167 pars
1723 2096 1844 2165 etenim,

143 2183 402 2240 toreninsinterim
416 2184 524 2238 insum
536 2183 647 2238 malum
660 2181 967 2250 moliri3duxeollici·
1021 2202 1119 2242 comes
1135 2186 1268 2243 videlicet
1293 2187 1330 2242 de
1356 2184 1504 2252 Roeinolo,
1526 2201 1593 2241 cum
1624 2184 1769 2242 iratribus
1785 2185 1843 2244 eois

143 2273 203 2327 tina
219 2271 274 2326 albi
290 2270 411 2340 suisque
422 2270 592 2326 consiliari:
609 2271 764 2342 imperator
772 2270 797 2325 ei
811 2271 968 2327 transitum
1022 2277 1172 2333 remansit.
1188 2275 1327 2332 Homines
1344 2277 1440 2330 sertem
1457 2273 1642 2348 imperatoris
1655 2273 1781 2347 quiriae
1795 2278 1845 2333 ob·

143 2373 197 2431 per
206 2357 353 2413 civitatem
370 2357 481 2428 regiam
498 2357 670 2429 probibere,
693 2358 752 2414 dux
780 2359 969 2432 subsequen·
1022 2365 1162 2434 sidentes,
1178 2363 1310 2436 palantes
1321 2363 1523 2436 explorabant,
1534 2363 1667 2419 videntes
1685 2366 1844 2422 exercitum

144 2448 220 2503 tium
235 2446 410 2519 optimatum
426 2445 584 2502 adventum
607 2451 783 2519 exspectare.
808 2451 971 2520 imperator
1022 2453 1160 2523 divisum,
1177 2455 1289 2525 impetu
1307 2454 1381 2508 laeto
1397 2452 1547 2508 irruerunt
1559 2451 1589 2508 in
1615 2456 1755 2510 comitem
1773 2459 1803 2511 et
1817 2455 1846 2511 in

146 2537 263 2594 tandem
282 2542 312 2591 ut
328 2533 399 2589 nihil
413 2535 587 2590 intentatum
601 2534 778 2607 relinqueret
801 2537 875 2610 (erat
886 2553 970 2593 nam·
1023 2550 1256 2613 suos‚sperantee
1267 2542 1337 2598 sein
1348 2557 1398 2597 eos
1417 2539 1608 2598 indifficulter
1632 2542 1846 2614 praevalituros,

146 2624 455 2699 queslrperepicnxet
467 2622 656 2696 industrius),
672 2624 727 2680 sub
744 2627 824 2696 pacis
847 2627 968 2682 obtentu
1023 2629 1150 2685 exercitu
1167 2630 1308 2684 duntaxat
1323 2645 1341 2684 a
1355 2645 1386 2684 se
1400 2628 1576 2701 disgregato.
1592 2631 1655 2694 Quo
1678 2629 1849 2688 Tanoredus

146 2713 491 2787 pactueestcumduoe,
520 2714 598 2785 quod
624 2714 649 2769 si
677 2717 880 2771 transfretaret
899 2716 970 2771 Bra·
1024 2719 1144 2790 sivcper
1157 2717 1285 2790 legatum
1301 2717 1362 2773 sive
1377 2733 1429 2789 per
1443 2715 1604 2773 tumultum
1634 2718 1849 2790 cognito,nec-

143 2802 410 2874 chium,copiosum
422 2802 448 2859 el
459 2817 571 2875 semper
582 2805 712 2860 mitteret
725 2810 918 2873 mercatrum;
941 2808 971 2861 et
1024 2807 1092 2862 dam
1109 2808 1188 2863 enim
1205 2807 1328 2863 multum
1346 2807 1381 2860 ati
1397 2805 1462 2861 aliie
1490 2806 1621 2872 aberant,
1637 2805 1777 2879 rapidum
1793 2806 1851 2864 ral-

145 2890 285 2948 omnibus
299 2889 509 2961 indigentibus,
526 2892 633 2962 stipem
650 2892 814 2963 impertiret
833 2909 971 2949 necessa·
1023 2896 1141 2952 caribus
1158 2912 1265 2967 urgens
1284 2894 1470 2964 cornipedem
1487 2892 1648 2950 tulmineus
1663 2895 1780 2952 adsolet
1799 2915 1806 2965 ;
1823 2899 1853 2954 et

146 2981 636 3053 riam,tantumdeeoJuramento
655 2986 733 3037 esset
754 2983 970 3040 securusldeo
1024 2985 1111 3041 fluvio
1128 2984 1179 3057 qui
1194 2985 1334 3040 intererat
1362 2986 1495 3050 evadato,
1527 2983 1576 3038 sed
1605 2984 1704 3056 potius
1719 2991 1852 3057 enatato,

146 3071 191 3127 sic
210 3069 510 3141 lecitimperator,ut
535 3070 640 3127 ducem
668 3072 970 3144 aregioncillacum
1026 3073 1164 3129 teatinum
1181 3072 1280 3128 comiti
1309 3070 1434 3127 contulit
1466 3070 1646 3142 presidium.
1667 3077 1730 3129 Duo
1759 3074 1855 3146 siqui-

146 3162 209 3220 suis
224 3166 372 3219 amoveret
387 3161 490 3234 copiis,
507 3178 543 3218 ne
556 3168 655 3235 posset
674 3163 752 3219 couti
781 3124 1201 3235 supervento-cdcnrmillia
1221 3162 1349 3217 militum
1379 3162 1560 3216 Tancredum
1591 3161 1742 3219 subsecuti
1772 3164 1854 3221 suere

148 3267 215 3308 rum
231 3252 395 3323 principum
412 3250 544 3307 consiliis
559 3256 588 3308 et
603 3251 730 3308 auxiliis.
760 3251 907 3308 Trnneivit
922 3254 974 3309 ita·
1027 3253 1076 3324 qui
1094 3250 1225 3308 similiter
1240 3268 1324 3307 amne
1352 3250 1474 3306 transito
1502 3249 1545 3305 eie
1560 3249 1701 3306 auxilium
1718 3253 1855 3323 prebue-

150 3340 292 3412 quedux,
309 3340 475 3410 imperatori
504 3339 581 3396 iacta
610 3345 638 3396 et
666 3341 702 3395 ab
732 3341 833 3397 endem
853 3347 972 3413 accepta
1028 3339 1182 3411 runttqui
1198 3339 1360 3404 confestim,
1377 3342 1476 3394 contra
1495 3354 1577 3410 spem
1606 3339 1853 3413 Turcopolorum,

152 3427 310 3484 identidem
326 3427 539 3499 promissorum
556 3427 704 3484 fidelitate.
1026 3429 1100 3500 ipsis
1115 3427 1339 3499 praevaluerunt,
1356 3432 1384 3482 et
1394 3442 1443 3481 eos
1454 3426 1490 3481 de
1501 3424 1599 3498 prelio
1621 3427 1808 3500 fugaverunt,
1823 3435 1855 3486 ot

185 3513 372 3570 hosmundus
400 3513 517 3569 interim
533 3512 682 3571 invallem
703 3516 739 3572 da
760 3517 972 3589 endrinopottn
1027 3520 1062 3576 de
1079 3518 1185 3590 iugatis
1200 3516 1326 3588 gloriose
1341 3515 1606 3589 triumphaverunt.
1622 3516 1782 3574 Nonnullis
1798 3535 1854 3575 au·

151 3600 228 3657 seuit
242 3600 343 3672 ibique
358 3617 428 3658 suos
450 3602 652 3658 concionando
683 3603 779 3660 taliter
806 3604 971 3662 allocutus:
1026 3611 1083 3663 tem
1099 3606 1270 3678 peremptis,
1287 3605 1386 3677 plures
1412 3603 1623 3676 apprehensos,
1640 3605 1755 3663 vinctos
1782 3624 1857 3679 pres·

147 3712 163 3742 a
179 3689 339 3762 Optimates
353 3693 382 3745 et
396 3690 612 3747 commilitones
629 3693 732 3762 nostri,
753 3698 866 3765 oportet
887 3699 973 3751 caute
1027 3698 1215 3752 sociaverunt
1231 3693 1411 3759 Boamundo,
1422 3693 1471 3764 qui
1484 3697 1858 3767 eoeperounctetosquare

50 3828 53 3833 .
147 3795 318 3837 nosomnes
344 3779 452 3836 dehinc
481 3782 632 3840 abeamus.
661 3782 781 3840 cautela
818 3785 901 3841 nobie
929 3790 974 3842 eet
1027 3788 1086 3839 tam
1099 3782 1324 3838 crudelitersoae
1339 3780 1511 3838 resisterent
1527 3782 1715 3854 expeditioni,
1732 3798 1860 3856 praeser-

146 3870 879 3945 pernecessaria,presertimcumproDeoanoetra
895 3890 973 3946 pere-
1028 3873 1081 3927 tim
1098 3888 1165 3927 cum
1181 3888 1235 3927 auo
1265 3885 1321 3927 non
1348 3870 1553 3926 inimicaretur
1581 3870 1762 3943 imperatori,
1784 3871 1861 3945 ipsis

145 3958 972 4033 grinamurpatria.PeregriniproDeosumusChrietimi·
1028 3960 1276 4032 respondentibus
1288 3959 1417 4016 audivit:
1432 3981 1446 4009 «
1462 3959 1521 4014 Nos
1537 3959 1567 4015 in
1584 3974 1654 4032 roga
1671 3959 1863 4032 imperatoris

145 4045 213 4102 lites
230 4062 345 4110 sumus,
359 4064 377 4102 s
391 4046 624 4104 Christianorum
634 4050 789 4119 penatibus
800 4051 972 4122 diripiendis
1026 4050 1124 4122 locati,
1140 4051 1214 4106 nihil
1232 4049 1311 4106 aliud
1328 4067 1417 4122 qoam
1438 4051 1515 4122 quod
1541 4051 1603 4122 ipee
1620 4051 1747 4123 imperat
1758 4069 1862 4126 possu-

147 4151 253 4192 manus
268 4153 387 4207 rapaces
402 4137 602 4196 cohibeamus.
619 4140 748 4212 Tempus
760 4142 814 4196 erit
829 4157 894 4197 oum
913 4148 972 4199 ter·
1027 4156 1123 4197 mus.»
1137 4139 1326 4195 Boumcndus
1336 4143 1432 4194 auteur
1446 4139 1616 4211 imperatori
1630 4139 1864 4212 indignatum·

148 4236 211 4276 ram
228 4220 364 4277 hostilem
380 4222 568 4292 intrabimus,
585 4242 651 4280 cum
682 4227 717 4282 de
738 4243 838 4282 eorum
869 4229 972 4299 spoliis
1026 4225 1790 4300 ipsumtarnenreprimens‚eoequidsmimpunitos
1812 4229 1859 4286 di-

150 4308 259 4381 opimis
270 4309 431 4366 ditabimur
445 4317 474 4367 et
485 4310 658 4370 letabimur.
673 4315 828 4371 Christiani
845 4319 971 4388 quirun·
1027 4318 1169 4389 misitsed
1183 4334 1218 4374 nc
1234 4318 1295 4373 suis
1307 4319 1343 4373 de
1355 4322 1456 4373 cetero
1471 4322 1618 4381 nocerent,
1635 4317 1857 4375 interminando

147 4413 205 4471 que
217 4397 301 4454 nohis
313 4403 472 4455 mercatum
486 4402 681 4472 prostiterint,
698 4406 793 4461 securi
807 4406 925 4462 veniant
941 4410 970 4463 et
1026 4421 1076 4463 eos
1093 4407 1283 4479 compescuit.
1300 4405 1414 4461 Dixisse
1441 4410 1539 4461 tamen
1570 4404 1634 4461 auis
1655 4405 1856 4465 familiaribus

146 4487 240 4544 securi
253 4488 374 4544 redeant
389 4505 396 4543 :
410 4494 487 4545 terra
498 4491 528 4546 in
543 4507 719 4562 quesumus
734 4494 968 4552 Christianorum
984 4479 1008 4544 D
1025 4499 1143 4563 putatur
1155 4511 1161 4549 :
1174 4516 1187 4543 a
1200 4494 1258 4549 Nos
1274 4493 1422 4549 transitori
1439 4510 1491 4564 per
1510 4493 1730 4564 imperatorem,
1755 4499 1853 4551 tumo-

145 4576 268 4648 cst‚ideo
282 4576 365 4634 vobis
379 4593 443 4634 eam
460 4579 621 4652 depredari
636 4600 693 4639 non
725 4584 801 4640 licet.
829 4586 969 4642 Tantum·
1026 4600 1085 4639 rem
1102 4582 1192 4639 enimi
1209 4587 1473 4653 compescarnus,et
1485 4599 1595 4639 neeum
1609 4584 1719 4654 injuste
1733 4600 1854 4641 exacer-

147 4667 274 4723 modain
287 4682 320 4722 ea
332 4683 383 4738 pro
395 4667 900 4744 benedictionecibariacapiamus·;
918 4690 970 4730 neo
1025 4674 1138 4735 bemus.
1156 4680 1241 4746 prout
1258 4689 1416 4741 possumus
1430 4672 1584 4730 evitemus.
1602 4679 1744 4730 tlxtreme
1762 4675 1855 4748 impe·

147 4753 328 4828 ultraquam
347 4773 418 4811 usne
433 4759 545 4813 vivendi
563 4759 702 4829 postulat,
716 4763 837 4816 tratrem
851 4762 970 4835 suppel·
1025 4763 1098 4817 ritis
1113 4780 1205 4833 genus
1220 4768 1275 4821 est.
1292 4763 1438 4817 bominem
1454 4762 1493 4817 ibi
1520 4768 1614 4818 totum
1641 4763 1740 4818 cidare
1766 4763 1853 4835 spiri-

147 4844 272 4902 lectilem
289 4845 502 4917 discerpamus.
519 4847 576 4904 Vos
589 4854 699 4919 autern,
717 4867 850 4921 proceros
867 4852 968 4918 nostri,
1024 4858 1099 4921 tum,
1117 4853 1166 4908 ubi
1183 4862 1344 4908 commotus
1373 4852 1491 4908 animus
1515 4852 1630 4908 nullum
1649 4853 1770 4908 habebit
1784 4853 1854 4909 elle·

146 4934 307 4990 familiares
321 4934 424 5000 nostri,
440 4935 491 5007 qni
506 4938 701 5008 expeditiores
723 4940 805 5010 estis,
821 4941 856 4996 de
869 4940 970 5009 pediti·
1024 4950 1115 4998 ctum.
1147 4943 1234 4998 Porro
1264 4942 1426 5013 prudentia
1457 4942 1561 4999 arodus
1581 4944 1852 5014 estpotestativum

146 5022 201 5078 hus
211 5022 383 5095 vigilantius
395 5031 591 5095 procurasset
604 5043 638 5083 ne
650 5028 788 5084 deticrant
800 5031 829 5085 in
845 5030 903 5095 via,
918 5047 968 5086 eos
1024 5034 1173 5090 hominem
1190 5033 1320 5104 seipsum
1337 5032 1536 5097 dissimulare,
1554 5033 1603 5087 ubi
1634 5033 1771 5104 potentie
1792 5049 1854 5089 sue

145 5112 340 5180 exspectando
358 5114 501 5168 {statariae
516 5117 673 5185 procedito,
689 5122 718 5171 et
736 5118 858 5174 tentoria
872 5125 969 5176 vestra
1023 5122 1124 5193 nequit
1139 5122 1318 5177 satislnccre.
1351 5120 1512 5176 Prudentia
1537 5126 1592 5190 eet,
1609 5120 1638 5175 in
1659 5125 1781 5192 tompus
1802 5120 1854 5176 dii·

144 5200 415 5273 tempestisellgite.
433 5202 969 5280 lltquonlom.Deogratles,opalen·
1023 5212 1107 5279 terre,
1124 5210 1200 5282 quod
1216 5209 1358 5265 continuo
1387 5226 1446 5265 non
1476 5209 1851 5283 possisimplere.llursns

143 5289 232 5345 tiores
246 5289 328 5355 estis,
344 5306 414 5362 opes
430 5297 539 5347 vestras
562 5309 614 5364 pro
636 5295 966 5369 eleemosynapauperi-
1023 5299 1160 5356 socordia.
1172 5297 1325 5370 etignasie
1339 5299 1557 5370 redarguendus
1569 5298 1683 5370 est‚qui
1695 5315 1763 5355 cum
1773 5299 1853 5355 ultra

143 5375 200 5432 hue
215 5377 363 5445 ollandite,
390 5377 544 5435 Dominum
571 5387 638 5437 ante
668 5383 770 5440 oculos
795 5392 966 5455 presentem
1022 5407 1079 5446 non
1096 5390 1199 5461 possit,
1212 5387 1323 5444 intonat
1337 5390 1442 5455 minis3
1465 5405 1533 5444 cum
1548 5404 1615 5444 vero
1636 5389 1741 5460 possit,
1757 5388 1848 5445 illatae

144 5478 259 5533 semper
273 5465 384 5522 habete.
402 5487 417 5516 »
435 5468 486 5524 llio
504 5468 592 5525 dictis
608 5470 693 5527 beros
718 5473 968 5543 prudentissimus
1021 5477 1202 5535 obliviscitur
1213 5477 1454 5550 improbitatie.Si
1466 5478 1848 5552 possumue,imperatorem

62 5612 65 5617 ,
145 5549 297 5620 conticuit,
310 5560 338 5609 et
354 5556 460 5611 inoveri
475 5560 572 5613 castra
587 5559 622 5613 de
636 5559 710 5615 vello
734 5564 878 5635 precepit.
894 5564 968 5622 Tan·
1023 5566 1170 5624 beneficiis
1186 5583 1358 5638 superemus
1369 5586 1377 5638 ;
1388 5568 1434 5623 sin
1447 5572 1556 5637 autem,
1572 5565 1747 5631 metanoeis
1764 5567 1849 5629 illata
