3788 6000
31 254 35 263 ·
88 245 130 309 44
735 238 879 302 casani
898 204 1135 303 4444444444.
1214 192 1216 196 “
1755 240 1798 304 aa

90 378 178 450 dique
190 371 575 447 montibuspergyrum,qui
591 372 699 428 mirum
715 373 737 409 00
752 372 782 429 44
796 373 914 430 modum
929 378 956 444 Α
972 374 1014 429 nic
1028 373 1154 430 alieiar:
1170 375 1194 433 0
1218 374 1286 431 socii
1306 389 1361 431 aaa
1381 373 1464 429 semel
1488 388 1595 428 mecum
1609 389 1705 443 aravos
1720 374 1797 434 labo·

88 467 287 524 extenduatur
312 466 402 519 totius
428 470 512 519 torris
526 461 550 497 00
566 479 618 534 per
644 463 812 530 circuitum,
830 467 862 518 ut
883 463 912 518 in
971 478 1014 518 res
1027 460 1052 496 ⁸⁴
1065 480 1117 534 per
1128 462 1208 518 deuia
1230 479 1373 519 aemorum
1386 463 1509 534 perpessi
1532 462 1619 534 (244),
1633 465 1720 520 sistite
1733 480 1800 537 pra·

4 602 7 609 ,
88 566 206 627 aspectu
218 553 369 610 oculorum
384 551 468 626 quasi
484 568 562 608 unus
575 557 602 607 ct
612 551 769 607 continuus
782 556 916 608 inonsta-
970 554 1037 609 dum
1057 553 1142 625 (245),
1158 553 1255 608 uestris
1266 555 1413 624 penatibua
1434 554 1514 607 litote
1528 551 1653 608 libamen
1672 557 1798 626 protum,

88 652 147 700 tain
165 643 245 700 illam
261 650 366 700 terram
384 644 510 698 circueat
528 639 553 675 00
567 646 596 697 44
611 643 734 697 muniat.
751 641 845 712 Hujus
857 646 916 697 ter·
968 658 1086 716 qaorum
1100 643 1213 712 opem’⁸
1225 659 1277 714 per
1291 641 1441 715 mirificam
1458 641 1798 714 44444441441444Ῑ41400

88 750 127 790 ra
143 733 327 806 superficiem
352 736 423 787 tunc
439 731 582 803 temporie
594 736 682 786 vasta
698 732 833 786 tenebant
847 730 915 787 soli·
968 731 1318 806 praedestinatianam
1340 732 1450 787 venistis
1464 731 1499 786 ad
1514 733 1653 798 patriam.
1677 734 1739 789 llaec
1751 744 1793 793 eit

86 823 205 880 tudines
221 822 442 878 nemorumsine
457 818 915 887 habitators⁷¹bominum;nimis
969 824 1031 891 illo,
1047 822 1104 878 liae
1117 831 1157 878 cet
1172 822 1447 894 41140014444,44444
1462 837 1533 894 sape
1547 837 1591 878 me
1604 822 1680 878 trabis
1692 823 1795 894 aiami-

92 917 193 968 tamen
208 927 319 966 sonoro
338 914 423 965 orant
438 910 623 965 examinibus
644 926 731 981 apum
748 915 776 965 st
791 911 916 966 diversa·
968 913 1036 968 sisse
1049 913 1173 979 memini,
1190 921 1263 967 terra
1276 914 1397 967 obnoxia
1417 912 1535 979 nemini,
1549 910 1618 980 teria
1631 912 1797 969 4144141414·-

88 1018 155 1058 rum
172 999 425 1057 modulationibus
440 997 603 1055 volucrum.
970 1003 1020 1058 bur
1047 1004 1160 1073 referta,
1185 1012 1295 1058 asciare
1319 1000 1411 1056 mellis
1432 1005 1459 1055 et
1472 1000 1552 1056 luctis
1579 999 1704 1071 barrida,
1721 1010 1748 1057 et
1767 1006 1798 1058 at

125 1089 201 1146 Fara
227 1089 367 1144 silvarum
383 1089 544 1144 innumere
565 1105 616 1144 ceu
633 1088 724 1145 maris
749 1087 863 1143 harena
877 1087 913 1154 00,
968 1091 1024 1163 ipsi
1038 1091 1060 1126 00
1075 1091 1240 1162 perspicitis,
1258 1089 1293 1144 od
1310 1089 1494 1146 habitandum
1508 1104 1572 1145 aere
1583 1089 1797 1163 succedatque

86 1178 133 1235 vol
162 1186 230 1250 quat
247 1183 318 1234 sunt
332 1177 426 1234 stollae
440 1177 469 1231 in
486 1177 591 1234 athara
605 1176 642 1243 00,
658 1194 710 1233 noc
738 1178 774 1232 ab
789 1177 847 1233 ulla
863 1193 914 1249 par
967 1181 1093 1236 exomni
1115 1182 1197 1250 porte
1213 1180 1369 1249 4441444441
1391 1179 1467 1232 oltra
1481 1176 1591 1234 madum
1603 1179 1728 1249 piscosa.
1744 1179 1797 1237 llio

87 1269 195 1327 territa
207 1268 345 1322 errabant
361 1282 410 1337 per
425 1267 508 1323 davia
524 1271 655 1334 terrae,et
669 1266 832 1323 bestiarum
848 1282 914 1338 gre·
969 1267 1044 1324 uobis
1054 1266 1142 1323 nictit
1166 1264 1304 1333 00444411,
1320 1266 1492 1338 quianullus
1506 1264 1581 1321 uobis
1592 1266 1682 1322 oberit
1695 1265 1730 1321 00.
1748 1267 1797 1328 Set

87 1356 398 1431 gibusvixsulllciebat
408 1355 551 1412 tellusatd
564 1372 719 1412 numerum
731 1354 913 1412 locustarum
970 1374 1031 1414 cam
1047 1357 1106 1415 baec
1120 1356 1258 1424 latialem
1268 1355 1386 1423 palatro
1400 1371 1433 1410 oa
1445 1354 1611 1427 taatnreqt'o
1627 1356 1794 1414 inmanibus

85 1452 184 1503 astato
197 1463 249 1519 per
271 1463 340 1502 arva
365 1446 552 1512 saltantium,
569 1446 615 1501 vix
631 1450 767 1518 poterant
782 1445 911 1518 aequipa·
969 1448 1124 1512 vectitant,
1139 1447 1257 1515 capitato
1269 1453 1365 1515 aptam
1379 1446 1460 1499 terre
1474 1459 1572 1499 namen
1587 1442 1659 1514 qaod
1672 1443 1720 1500 sit.
1737 1445 1794 1511 Qui

89 1535 188 1593 444400
203 1541 334 1592 armenta
345 1536 560 1606 jumentorum.
574 1537 664 1608 Aquae
680 1534 738 1591 illic
755 1535 912 1606 niniisper·
968 1551 1035 1590 mox
1051 1533 1135 1607 quasi
1151 1550 1183 1588 ex
1199 1533 1297 1589 divino
1313 1532 1483 1588 commoniti
1500 1532 1618 1588 oraculo
1634 1548 1642 1586 ε
1658 1533 1691 1588 Et
1705 1534 1794 1604 aride,

89 1626 199 1698 spicue
224 1631 254 1681 et
282 1625 317 1680 ad
349 1627 495 1681 humanos
511 1641 582 1681 usus
602 1641 700 1693 sanai;
726 1620 915 1681 similiter'et
974 1626 1229 1698 inquiunt,meli'us
1244 1624 1284 1679 acl
1299 1625 1392 1694 optino
1405 1637 1503 1679 cornea
1517 1638 1796 1691 iuuentemae,aaam,
1821 1669 1824 1672 ,

88 1716 195 1789 pisces,
218 1731 322 1771 suaves
342 1719 370 1770 et
385 1715 420 1769 ad
448 1714 660 1770 comedendam
681 1712 825 1770 salubres.
844 1712 913 1770 44444
928 1748 952 1814 Β
968 1719 1034 1792 qaia
1048 1719 1118 1778 ta,a
1142 1723 1222 1786 poter
1242 1714 1345 1770 diceris
1359 1714 1484 1782 Boemar,
1505 1712 1617 1768 dicator
1638 1712 1658 1748 00
1674 1717 1701 1768 et
1721 1717 1798 1768 terra

87 1822 144 1872 rae,
162 1814 186 1860 st
206 1805 285 1859 unde
299 1805 477 1877 perpendere
494 1809 575 1875 pates
592 1820 680 1876 quam
693 1805 721 1860 in
736 1805 794 1861 alta
807 1821 873 1861 aere
890 1803 913 1839 00
970 1806 1083 1864 boemia
1098 1808 1192 1862 'iTuno
1209 1803 1306 1860 senior
1321 1806 1418 1857 motas
1434 1801 1579 1857 sociorum
1591 1801 1726 1873 augaria,
1740 1818 1795 1859 cas·

88 1895 149 1950 baec
162 1894 287 1965 pandsat
297 1892 320 1928 00
336 1893 426 1965 regio,
441 1909 507 1948 cuni
520 1893 601 1948 nulla
617 1894 769 1966 peregrina
780 1893 855 1949 bana
867 1894 913 1948 in·
968 1897 1127 1969 pitterram
1139 1891 1264 1949 osculari
1280 1908 1337 1963 prs
1353 1890 1607 1962 gaudia,gsadaas
1621 1907 1682 1946 osai
1698 1907 1730 1946 ex
1742 1907 1795 1948 suo

87 1985 159 2041 44441
173 2001 248 2055 aqua
267 1985 351 2055 (239).
370 1989 414 2039 set
425 1988 571 2054 quotquot
586 2000 698 2053 amnes,
716 1984 794 2055 parvi
821 1990 849 2040 et
862 1984 912 2040 iiii·
968 1984 1086 2040 namins
1104 1980 1286 2052 nuncupari3
1303 1984 1330 2033 et
1346 1995 1469 2048 surgens
1481 1995 1514 2034 ac
1527 1988 1665 2049 utrasque
1680 1978 1795 2051 palmas

89 2090 192 2129 manea
207 2074 376 2129 exdiversis
393 2074 749 2144 montibusorti,amajnri
762 2090 913 2145 aquaque
969 2075 1092 2130 tendens
1123 2071 1157 2125 ad
1174 2069 1272 2124 sidera
1298 2069 1384 2139 (246),
1412 2068 1453 2122 sio
1468 2084 1555 2122 orsus
1569 2068 1592 2102 00
1615 2071 1659 2123 ost
1688 2067 1797 2140 loqui:

89 2164 198 2217 dieitur
223 2162 297 2217 Labe
322 2163 442 2232 recepti,
461 2178 553 2233 usque
569 2161 734 2233 aquilonale
763 2163 859 2217 lluunt
884 2165 912 2219 iii
968 2160 1270 2230 salvaterrosotolis,
1301 2157 1594 2227 milleaaiicqaaesitc
1621 2155 1798 2223 4444441444

90 2268 181 2306 auare.
198 2252 233 2306 Et
259 2250 328 2320 auia
343 2248 403 2305 hirc
419 2248 441 2284 00
459 2251 538 2322 regio
556 2255 685 2322 tempore
698 2252 726 2304 iii
743 2250 792 2306 illo
807 2254 914 2307 intem·
968 2251 1071 2308 diluuii
1086 2263 1205 2319 tempore
1220 2247 1333 2303 viduata
1362 2245 1482 2316 bomine,
1498 2262 1583 2314 auae,
1608 2247 1791 2318 passimoni·

88 2347 170 2412 ptata
181 2341 295 2410 jacebat
309 2345 416 2407 aratra,
430 2345 458 2394 et
474 2340 560 2395 bomo
582 2341 632 2411 qui
651 2346 808 2411 temptaret
819 2343 914 2397 adbuc
968 2339 1091 2398 menia⁹³
1107 2341 1312 2403 liami'cum,aa.r
1325 2353 1455 2393 conscius
1472 2337 1630 2402 incolomes,
1645 2341 1671 2390 et
1695 2335 1793 2392 malti·

86 2445 151 2485 eain
168 2446 225 2483 naa
242 2430 374 2494 intrarat,
386 2429 421 2484 ds
435 2428 584 2485 fertilitate
595 2429 656 2485 sive
672 2430 834 2485 sterelitate
850 2432 914 2502 ejus
967 2434 1052 2504 plicae
1067 2436 1193 2486 nostram
1203 2428 1326 2484 sobolem
1337 2444 1356 2482 a
1370 2428 1499 2498 praescia
1513 2428 1543 2482 i'ii
1556 2426 1713 2498 properiter.

86 2516 180 2589 magis
197 2517 304 2587 placuit
326 2523 432 2582 tacere,
447 2534 535 2589 quani
555 2517 736 2591 inexpertam
754 2518 779 2554 ⁷⁸
796 2536 856 2576 rain
875 2521 916 2577 di·
1005 2521 1308 2586 3000444444441444
1321 2531 1538 2588 morum,quam
1550 2513 1795 2572 bonestoramiisl

86 2621 160 2662 cere.
176 2609 231 2660 llas
248 2606 420 2660 solitudines
434 2608 570 2677 quisquis
586 2608 640 2662 luit
655 2607 704 2663 illa
715 2607 868 2664 hominum
880 2639 916 2655 -·
970 2614 1088 2685 qaaatae
1098 2607 1296 2680 simplicitatis
1307 2605 1331 2641 00
1341 2609 1368 2661 et
1380 2621 1469 2679 quam
1481 2601 1795 2676 admirando⁸⁶probb

86 2693 313 2750 incertumest⁷⁹
333 2695 438 2766 quotin
451 2695 810 2768 animabus-postquam
821 2698 913 2754 intra·
969 2699 1120 2755 tatistuno
1130 2695 1272 2767 temporis
1283 2692 1543 2760 luerinthamines,
1556 2707 1703 2764 quamquo
1717 2692 1796 2750 inter

88 2784 140 2851 vit,
152 2783 502 2854 quarenslocahurnanis
514 2784 745 2841 habitationibus
756 2791 913 2858 oportuna,
970 2805 1001 2844 44
1018 2787 1117 2842 fideles
1133 2790 1162 2841 st
1178 2785 1207 2839 in
1223 2782 1247 2817 00
1272 2783 1448 2855 semetipsos
1463 2781 1676 2847 misericordes,
1705 2782 1794 2853 cujus

89 2871 438 2943 montas,valles,teequa,
457 2881 552 2945 tempe
564 2874 627 2928 visu
639 2875 738 2944 sagaci
751 2875 913 2944 perlustra·
969 2875 1055 2932 etiam
1074 2870 1610 2942 modestis,sobrietatiscoatinentis,
1627 2868 1651 2925 si
1667 2868 1735 2941 quis
1746 2869 1794 2928 his

88 2961 543 3027 vit‚stutrear‚circamontem
554 2960 733 3034 etpumia),
752 2965 914 3021 interduos
969 2964 1118 3019 modernis
1146 2959 1416 3018 baminibasvalde
1442 2958 1589 3015 contraria
1604 2957 1793 3014 imitantibus

89 3048 319 3117 fluvias‚scilicct
334 3049 437 3121 Ogram
448 3048 470 3082 00
486 3051 560 3122 (241)
577 3056 604 3105 et
620 3050 772 3106 Wlitavam
790 3050 910 3126 00(242),
971 3053 1056 3126 plena
1072 3069 1119 3107 ais
1136 3067 1254 3107 narrare
1266 3049 1460 3119 temptaverit,
1477 3048 1506 3102 in
1519 3063 1658 3119 magnum
1675 3046 1795 3103 deveni·

87 3138 198 3211 primas
222 3138 318 3209 posuit
333 3140 427 3203 sedes,
453 3140 565 3211 primas
582 3140 715 3194 laudavit
729 3145 758 3196 et
782 3142 869 3223 ades,
884 3147 912 3197 et
930 3123 952 3186 C
969 3147 1013 3198 ret
1036 3141 1187 3197 fastidium
1203 3137 1235 3192 00.
1254 3138 1391 3206 Propterea
1406 3137 1468 3192 brec
1481 3135 1746 3205 pretermittimus,
1764 3138 1794 3190 at

90 3227 208 3299 quasin
227 3227 800 3302 444444444444444444(44441444100(243),
830 3230 913 3286 humi
969 3248 1071 3303 pauca,
1098 3235 1295 3301 concursant
1316 3229 1493 3294 venantius
1518 3242 1617 3297 primas
1647 3226 1793 3281 aetatisdo

9 3302 12 3309 ¹
88 3317 154 3371 sisti
168 3321 288 3387 penates
304 3318 912 3389 (444444444144444444444444]4441444444
967 3320 1108 3392 qualitate
1124 3319 1219 3374 dicare
1239 3318 1385 3388 cupimus.
1407 3315 1484 3370 Felix
1500 3315 1574 3387 (241)
1590 3314 1714 3369 nimium
1731 3317 1794 3371 arat

92 3403 243 3458 dominum
256 3403 480 3466 cantitabantur,
493 3407 567 3458 iaici·
581 3412 676 3459 anterii
692 3422 761 3460 sana
773 3423 914 3478 sequaces
967 3415 1037 3465 aetns
1055 3408 1116 3463 illa.

247 3491 362 3546 modico
374 3500 509 3547 contenta
525 3502 658 3562 sumpta,
1127 3513 1179 3552 nec
1195 3496 1310 3552 tumido
1327 3495 1426 3550 inlicta
1443 3495 1517 3549 44414
1528 3492 1563 3548 00.

245 3579 360 3637 Cereris
372 3584 401 3634 ot
416 3581 502 3635 Bachi
520 3598 642 3637 munera
658 3583 735 3638 baud
753 3590 860 3639 norant
1128 3587 1199 3659 quia
1214 3593 1407 3658 naqueerant.

249 3668 319 3723 Sera
335 3669 456 3740 prandia
467 3669 617 3725 solvebant
632 3673 739 3742 glande
989 3658 1014 3676 ω
1138 3675 1180 3731 iel
1199 3675 1291 3730 lerina
1307 3690 1403 3729 carno.

246 3757 410 3826 incorrupti
428 3756 462 3792 000
473 3757 574 3812 latices
1129 3764 1253 3820 haustus
1269 3764 1377 3819 dabant
1392 3762 1537 3817 salubres.

248 3844 283 3900 Ut
298 3844 369 3899 salis
385 3847 525 3915 splendor
1127 3853 1172 3909 vel
1183 3869 1265 3924 aquas
1279 3852 1395 3917 humor,

247 3934 290 3989 sic
305 3950 372 3988 arva
385 3939 417 3989 et
430 3950 558 4002 namara,
576 3935 645 4007 quin
663 3936 749 3992 etiam
765 3945 793 3994 at
809 3939 839 3974 000
855 3939 918 4010 ipsa
930 3941 1075 3997 connubia
1091 3947 1174 3997 erant
1187 3942 1246 3997 illis
1260 3939 1427 3995 commanis

768 4036 891 4093 VARIAE
907 4040 1108 4097 ilicitanae.

125 4129 147 4164 00
165 4128 247 4184 inim.
265 4129 290 4184 4.
327 4129 434 4184 mirum
463 4131 566 4188 deestl
590 4133 638 4205 (4).
677 4132 701 4169 00
720 4150 745 4190 e.
767 4139 787 4189 1.
819 4137 921 4192 mundi
951 4139 1091 4211 (deletam)
1119 4143 1201 4193 terre
1230 4139 1256 4192 1.
1295 4135 1465 4193 0041444144
1492 4138 1525 4190 Α.
1563 4133 1586 4177 i,
1612 4131 1795 4190 habitatione

86 4201 165 4269 2(4).
204 4201 227 4234 00
242 4205 378 4255 aramei.
418 4203 963 4267 4444444444.441444444444414444.
1002 4207 1381 4282 ⁷⁸equipparecari·.·iA.
1396 4208 1567 4279 equiperari
1582 4207 1610 4262 7.
1647 4204 1793 4261 ⁷⁵ietbsrs

88 4272 161 4342 2(4).
175 4274 275 4341 scripta
289 4275 416 4341 superior
429 4289 505 4330 acre.
544 4276 566 4309 00
583 4278 763 4346 ponderati.
801 4276 824 4313 00
841 4282 964 4350 pendeat
987 4281 1101 4337 444άὶ15.
1141 4279 1166 4314 ⁷⁸
1180 4281 1306 4352 ineptam
1318 4280 1443 4349 Alia).
1480 4276 1793 4334 004414441144444144

88 4346 235 4396 mortbert.
273 4341 405 4409 0014141.
435 4344 823 4452 414442144344444414442
852 4351 899 4421 (b).
937 4349 960 4389 00
977 4351 1082 4409 Oaram
1109 4356 1135 4408 7.
1173 4352 1196 4387 00
1212 4351 1252 4407 ita
1268 4350 1520 4407 A.l.Wultansm
1537 4351 1563 4407 3.
1594 4348 1789 4403 Wiltavam5.

87 4412 294 4469 Wltavamrel.
332 4411 386 4468 004
410 4421 559 4474 44144444.
612 4420 796 4475 0414144444.
834 4420 859 4457 ⁸⁵
874 4424 1023 4495 opsttbt.
1040 4425 1067 4480 4.
1105 4425 1127 4459 00
1156 4424 1245 4479 iatum
1261 4439 1334 4481 corr.
1359 4423 1418 4478 lata
1433 4425 1467 4479 A.
1503 4421 1526 4457 00
1543 4422 1569 4476 14.
1586 4420 1643 4477 e.i.
1668 4419 1790 4476 secunda

87 4499 172 4539 ainau
187 4483 296 4540 4444414.
311 4430 406 4540 seme?
412 4486 607 4561 amiciam),
645 4489 824 4563 ⁸⁸pspicoir.
841 4493 898 4564 ipsi
912 4495 947 4550 A.
984 4493 1139 4551 00444141.
1177 4490 1649 4566 004414-44444414444444414).
1687 4489 1788 4546 004111.

89 4556 206 4612 carad.
228 4565 254 4610 et
269 4559 303 4612 A.
342 4555 366 4591 00
381 4563 502 4616 441441.
541 4560 564 4595 00
586 4578 702 4617 monum
732 4579 803 4619 corr.
826 4565 936 4620 monim
954 4568 986 4620 A.
1025 4565 1049 4601 00
1075 4565 1476 4637 numericapi'tamdcxanti'e
1505 4563 1790 4634 conterraneum

88 4622 144 4683 loeo
157 4632 180 4682 1.
194 4644 394 4706 iioaiianqaom
406 4628 489 4686 irati
506 4633 621 4688 scribla
637 4634 775 4703 capitibus
789 4633 960 4691 adornandis
983 4638 1042 4693 aad.
1062 4639 1179 4693 4444411
1193 4654 1297 4701 ramas,
1310 4639 1338 4691 iii
1355 4653 1409 4709 qao
1424 4635 1534 4705 rinpnla
1553 4636 1646 4703 coalia
1660 4649 1715 4689 aaa
1730 4649 1788 4689 aa·

87 4705 215 4754 marmot
244 4701 938 4776 litteri'iiiiajaeaiili‘ecoloratisperpetuori'piiata
965 4713 1041 4763 aaut.
1078 4708 1101 4743 00
1116 4708 1357 4779 simplicitudinis
1385 4724 1457 4764 carr.
1475 4704 1674 4777 simplicitatis
1690 4705 1724 4759 A.
1762 4702 1788 4739 00

86 4772 204 4851 ainmir.
225 4773 259 4827 A
298 4769 448 4826 00141444.
487 4773 674 4846 ”lastigium
700 4778 940 4833 corr.lastiiliam
955 4780 989 4834 A.
1027 4778 1052 4814 00
1078 4781 1153 4835 festu
1169 4796 1242 4835 carr.
1261 4781 1335 4835 laetu
1353 4782 1378 4834 l.
1419 4776 1673 4847 ¹⁰⁰inoarruptsl.
1700 4776 1785 4848 llo).

85 4848 247 4914 incorrupti
264 4873 296 4885 --
313 4858 433 4898 somnos
456 4843 554 4901 desunt
562 4848 590 4902 5.
630 4847 745 4919 ¹⁰¹qain
759 4853 788 4904 st
802 4847 867 4920 ipsa
880 4849 908 4905 3.
926 4851 997 4922 quin
1013 4851 1099 4907 etiam
1116 4851 1181 4925 ipsa
1192 4851 1220 4907 i.

877 4947 993 5004 NOTAE.

124 5039 198 5108 (239)
219 5039 324 5110 14444444
341 5058 398 5097 444
409 5057 444 5098 ex
459 5059 492 5100 eo
508 5060 596 5116 quom
613 5046 762 5102 noscimus
774 5046 910 5102 lontssod
967 5048 1150 5114 1444441437,
1167 5053 1195 5105 44
1205 5048 1322 5104 Dabner
1333 5048 1369 5114 11,
1388 5048 1450 5104 431).

89 5127 105 5166 4
120 5110 217 5181 reple
241 5112 353 5183 origine
367 5113 499 5180 deduxit,
512 5115 562 5187 qui
579 5116 664 5186 paulo
686 5118 763 5173 14144
779 5117 911 5174 thermas
1000 5120 1072 5192 (242)
1085 5122 1210 5176 Molitau.

87 5181 241 5264 Carolinas
253 5182 282 5237 in
300 5184 403 5255 ligram
424 5186 511 5241 cadit.
528 5186 593 5243 Vid.
610 5186 734 5243 llabacri
751 5195 909 5246 commeat.
999 5194 1062 5259 (243
1089 5192 1181 5263 Virg„
1198 5189 1262 5245 AEn.
1279 5188 1327 5257 IV,
1342 5189 1410 5248 598.

88 5253 123 5309 ad
140 5255 165 5308 11
175 5254 242 5321 jeoii
259 5254 386 5311 Annales
397 5255 433 5323 ll,
450 5258 511 5312 429.
1000 5265 1063 5331 (244
1091 5265 1168 5328 1144,
1184 5261 1236 5317 Od.
1250 5263 1272 5324 1,
1286 5264 1315 5321 7.
1330 5262 1376 5323 31.

123 5324 194 5395 (240)
210 5329 294 5382 11444
322 5327 422 5382 Sancti
450 5328 565 5401 Georgii
593 5328 669 5385 inter
692 5329 766 5386 aetia
788 5331 868 5402 Egra
885 5337 911 5387 et
999 5337 1073 5401 (245)
1089 5333 1183 5405 Virg.,
1200 5335 1261 5389 AEo.
1278 5332 1325 5396 VI,
1342 5333 1405 5388 465.

89 5395 226 5451 Maldavae
243 5397 397 5453 liuviorum
415 5397 500 5455 situs.
999 5405 1073 5476 (246)
1090 5405 1181 5477 virg„
1197 5404 1260 5459 AEn.
1276 5403 1312 5467 V,
1327 5407 1389 5470 253,
1405 5405 1467 5458 354.

124 5468 198 5548 (241)
211 5468 263 5523 Est
282 5469 389 5523 fluvius
403 5468 494 5540 'sepia
508 5479 533 5525 et
547 5487 611 5542 qua
628 5487 694 5528 eum
710 5472 817 5544 excipit
832 5472 911 5545 ligra
1001 5478 1073 5551 (241)
1090 5477 1171 5533 Felix
1183 5507 1218 5517 -
1230 5475 1331 5545 alaude
1342 5481 1411 5530 sant
1428 5474 1531 5546 paucis
1551 5471 1672 5529 mutatis
1686 5483 1790 5526 versus

91 5535 170 5619 ilarii
187 5555 265 5610 pars,
277 5542 353 5622 Qgra
369 5539 405 5594 ab
423 5541 533 5598 calidas
549 5560 641 5614 aquas
656 5559 725 5600 voce
740 5546 852 5601 slavica
863 5563 912 5602 no·
965 5549 1077 5605 Bostbii
1093 5550 1128 5606 ds
1139 5546 1338 5606 consolatione
1353 5544 1547 5619 philosophias
1563 5544 1598 5616 ll,
1614 5547 1744 5600 metram
1757 5539 1788 5596 5.

91 5613 214 5668 minata.
227 5609 350 5685 Reliqua
365 5611 446 5684 tagra
460 5629 528 5687 pars
543 5616 652 5673 cosma
667 5623 710 5674 est
722 5617 815 5675 chub.
826 5616 909 5676 (loni.
