3788 6000
87 322 90 327 ι
141 222 221 287 1023
330 225 572 288 GUAL'I'ERUS
592 225 644 286 ΕΤ
664 223 899 289 annuemus
920 226 971 288 DE
992 226 1084 290 illua
1106 230 1159 292 ΕΤ
1181 232 1304 294 Manu.
1327 234 1362 296 B.
1386 231 1526 295 uirtuti
1546 231 1658 297 BONI.
1772 237 1853 300 102⁴

142 366 347 438 lorent.lgitur
359 368 421 435 post
433 361 655 433 mortemipsius
670 360 1002 432 Walteri,proiltsba·A
1019 361 1075 434 ipsi
1103 369 1244 437 vagantes
1269 371 1299 424 et
1326 371 1507 439 peretrantes
1531 384 1651 441 campos
1680 376 1711 429 et
1732 370 1822 428 villas
1837 393 1853 423 a

143 463 192 514 tur
207 451 958 525 publiceuxorejuspuerumillumnonessaverum
1018 453 1094 523 capti
1117 459 1198 523 suut,
1222 460 1251 512 et
1274 455 1446 513 miserrime
1470 457 1574 515 mortis
1598 461 1774 518 exterminio
1802 460 1852 518 di·

143 541 594 613 flliumsuum,serladoptivum,
606 558 694 614 quem
710 543 805 599 isdem
815 541 965 599 Walterus
1018 541 1123 612 sparsi.

56 692 62 707 ,
141 638 218 711 apud
228 636 406 707 Brugenscm
418 633 574 703 quemdam
587 631 758 703 posueratin
768 631 967 689 vadimonium
1056 631 1117 688 137.
1134 633 1250 691 Decimo
1272 639 1353 692 sexto
1378 634 1520 692 Kalendas
1542 637 1687 710 ianuarii,
1708 638 1850 711 Sabbato,

142 743 194 801 pro
210 724 348 782 trecentis
362 721 456 777 libris.
473 719 581 792 Sisque
595 726 657 777 arte
671 720 721 778 Dei
743 719 846 778 delusa
860 724 905 778 est
919 737 967 777 ars
1019 721 1108 778 tertia
1121 721 1305 780 bebdomada
1321 723 1404 781 linita
1425 724 1575 783 adrentus
1598 727 1731 797 Domini,
1746 730 1853 786 eodem

143 813 301 891 prepositi,
319 813 369 886 qui
390 827 457 868 oum
473 809 561 867 vellet
575 812 700 884 superbe
713 815 742 868 et
765 810 892 884 gloriose
916 827 968 882 per
1020 825 1098 867 anno
1108 810 1138 866 in
1150 812 1281 878 Quatuor
1291 814 1474 886 temporibus
1483 813 1758 882 Desideriua,lrater
1768 818 1851 874 laaac

142 905 218 962 illud
233 901 401 975 conjugium
418 900 621 974 cognationem
639 916 722 956 suam
738 899 890 969 extollere;
903 899 964 956 lilio
1022 897 1104 956 illius
1114 901 1244 972 praedicti
1254 902 1404 959 traditoris
1412 908 1546 962 mortuus
1555 905 1672 978 est3qul
1680 906 1853 965 traditionis

144 993 264 1056 sutoris,
283 991 330 1048 Dei
356 997 418 1046 arte
438 989 587 1060 deceptus,
608 1005 672 1045 eam
700 989 859 1060 copulavit.
875 989 967 1046 Nemo
1021 990 1168 1056 conscius,
1185 1007 1241 1047 non
1249 991 1408 1064 promeruit
1424 990 1623 1050 ulteriusvitas
1635 994 1774 1052 felicitate
1785 1013 1850 1070 per·

16 1118 30 1159 ¹·
145 1099 211 1140 vero
223 1098 314 1138 ausus
330 1081 385 1136 luit
405 1095 524 1134 manum
547 1077 967 1149 mittereooutraWalterum,
1022 1076 1851 1157 lrui.ttemporeergoobsidionisnusquamaususeat

80 1198 92 1209 ··
146 1170 281 1246 quamvis
291 1167 455 1226 traditionis
471 1166 606 1223 conscius
620 1167 732 1225 luisset.
747 1166 902 1224 Eratonim
916 1184 968 1239 par
1022 1168 1138 1238 prodire
1150 1170 1186 1225 ad
1198 1169 1316 1227 Curiam
1333 1170 1746 1240 comitia,nisllatenter.Nam
1756 1174 1854 1247 plnres

143 1252 227 1319 terre
242 1260 333 1325 illius,
350 1257 423 1314 alter
446 1257 593 1314 acomlte.
609 1259 644 1313 At
665 1257 755 1324 Deus,
770 1259 816 1315 cui
841 1256 970 1315 vindicio
1022 1255 1139 1313 fuerant
1154 1258 1184 1313 in
1199 1259 1339 1317 comitatu
1357 1265 1469 1326 nostro,
1484 1262 1535 1334 qui
1551 1262 1636 1319 illum
1653 1263 1855 1336 appellassent

144 1349 373 1421 relinquebatur,
391 1351 483 1403 morte
503 1344 642 1418 languida
656 1364 674 1404 a
688 1347 821 1403 lidelium
849 1352 968 1421 aspectu
1022 1344 1487 1413 adballum,etreumtraditionis
1497 1351 1704 1419 convicissent,
1717 1352 1743 1408 si
1755 1359 1854 1424 aperte

146 1437 350 1497 exterminavit
375 1436 470 1491 illum.
1023 1435 1059 1490 ad
1074 1436 1186 1492 curiam
1201 1437 1327 1494 exiisset.
1351 1440 1473 1510 Insuper
1497 1439 1686 1497 interdictum
1702 1444 1748 1498 ast
1775 1454 1854 1499 aco·

182 1528 243 1584 135.
260 1526 365 1584 Octavo
380 1526 448 1581 idus
463 1525 607 1595 Octobris,
623 1526 751 1583 Sabbata
773 1530 840 1583 ante
861 1526 971 1583 festum
1024 1523 1095 1581 mite
1119 1542 1191 1581 novo
1213 1527 1309 1583 eidem
1337 1527 1496 1597 Desiderio,
1519 1544 1700 1601 quamquam
1728 1530 1803 1587 iorts
1817 1533 1852 1588 ad

147 1619 178 1676 S.
198 1615 336 1683 Richarii,
360 1617 445 1687 jussu
469 1614 585 1673 comitis
615 1615 760 1672 abductus
787 1620 833 1672 est
856 1615 971 1672 Willol-
1024 1612 1136 1669 curiam
1163 1615 1344 1684 ascenderet,
1374 1631 1410 1672 na
1442 1616 1499 1673 sibi
1523 1617 1712 1690 propinaret;
1729 1635 1798 1675 nam
1823 1621 1852 1677 in

149 1724 217 1764 mua
231 1707 305 1778 (212)
316 1705 364 1762 ille
380 1706 508 1778 lpreneie
520 1705 557 1761 ad
569 1705 693 1773 Insulas,
705 1709 734 1762 et
745 1706 970 1763 commendatus
985 1730 1009 1797 B
1024 1702 1107 1759 curia
1122 1720 1200 1760 unus
1213 1720 1246 1760 er
1264 1705 1501 1778 propinatoribus
1516 1706 1578 1778 ipsa
1595 1709 1779 1765 constiterat.

149 1796 309 1856 castellano
336 1795 416 1851 illius
440 1795 540 1853 austri.
560 1795 670 1852 'timuit
691 1795 768 1853 cives
796 1800 922 1864 nostros,
942 1801 971 1853 et
1338 1811 1534 1871 cnpU‘rxix,

147 1886 235 1943 stiam
250 1904 265 1942 ⁸
282 1893 356 1941 lilii
372 1884 559 1957 lif0⁸0llll¹⁰⁸2
577 1901 613 1941 ¹¹⁰
635 1883 734 1957 11Ιί(1110
749 1883 816 1941 (¹⁰¹⁰
833 1885 971 1957 Oliifflnl
1096 1901 1207 1958 Occasio
1221 1899 1383 1971 desectionis
1393 1903 1607 1960 Ftaadrcrumc
1628 1903 1782 1961 Gailtelrnc

146 1974 177 2030 iu
192 1972 323 2045 Brugisa
338 1971 504 2044 captivitate
512 1970 739 2043 Willelmum,et
747 1973 773 2028 ui
785 1972 930 2030 irruerent
940 1974 970 2029 in
1281 1973 1467 2030 Nortlemonno
1490 1977 1599 2032 comta.

146 2066 288 2121 castrum.
308 2061 473 2117 Notandum
498 2062 578 2133 quod
606 2063 702 2118 occiso
728 2062 834 2119 comite
856 2061 970 2129 Garolo,
1063 2060 1123 2116 138.
1135 2060 1656 2135 idusaugustiretro,ituqueinleato
1666 2063 1850 2123 sauatiPalri

147 2150 319 2208 Borsiardus
333 2154 362 2205 et
378 2148 424 2203 sui
440 2148 559 2205 sceleris
572 2149 736 2222 participes,
749 2165 829 2205 more
841 2165 970 2223 pagano·
1025 2149 1055 2205 in
1070 2152 1212 2218 Augusto,
1229 2149 1338 2206 habitis
1348 2151 1488 2207 nundinis
1499 2152 1529 2208 in
1542 2152 1661 2221 lusulis,
1672 2169 1850 2210 cumcomes

147 2256 211 2296 rum
226 2239 579 2303 etincantalcrum,nocte
593 2254 649 2309 qua
659 2239 753 2310 primo
764 2239 898 2311 sepultus
910 2245 972 2296 erat
1026 2236 1168 2294 voluisset
1182 2239 1340 2309 quemdam
1356 2240 1498 2297 deservis
1525 2242 1589 2299 suis
1607 2241 1719 2299 ibidem
1744 2242 1774 2299 ln
1791 2241 1849 2299 lom

149 2344 245 2386 comcs
260 2325 392 2396 Carolus,
408 2332 581 2397 aeceperunt
599 2328 742 2400 scyphum
761 2327 880 2399 plenum
896 2344 971 2386 cere·
1026 2341 1140 2398 capere,
1155 2330 1184 2382 et
1193 2327 1336 2397 jussisset
1348 2329 1423 2400 capi,
1438 2328 1515 2386 ciues
1530 2329 1698 2388 lusulenses
1713 2331 1749 2387 ad
1770 2346 1850 2388 arma

148 2419 228 2475 visis
237 2421 266 2473 et
277 2416 583 2489 panem,considentes
593 2417 669 2474 circa
676 2416 855 2490 sepulcrum,
867 2434 971 2490 posue·
1026 2419 1161 2485 ruebant,
1177 2419 1312 2474 comitem
1328 2423 1356 2476 et
1366 2436 1435 2476 suos
1452 2430 1534 2477 extra
1544 2421 1721 2478 suburbium
1735 2422 1850 2495 iugara-

149 2510 219 2565 runt
244 2510 344 2580 potum
369 2505 453 2560 illum
480 2508 509 2561 et
531 2521 635 2576 panem
658 2507 687 2561 in
715 2522 818 2563 manea
833 2506 971 2578 sepulcri,
1026 2509 1106 2575 runt,
1122 2505 1246 2563 aliosde
1268 2507 1349 2563 curia
1373 2507 1569 2579 verberantes,
1583 2517 1610 2566 el
1633 2508 1850 2567 Nortbmaunos

127 2630 130 2634 ·
152 2599 270 2654 edentes
286 2603 313 2652 et
327 2595 461 2652 bibentes
471 2609 561 2666 super
574 2595 605 2651 B.
618 2595 853 2669 comitiacorpus
862 2613 896 2653 ee
904 2597 972 2668 tide,
1028 2593 1057 2650 in
1074 2594 1195 2667 paludes
1208 2595 1432 2668 precipitantes,
1444 2597 1545 2671 plures
1556 2597 1621 2655 aliia
1636 2603 1664 2654 at
1675 2597 1742 2657 aliia
1753 2598 1852 2655 affece-

148 2694 181 2744 ut
201 2685 281 2743 nullo
296 2685 383 2741 modo
398 2682 482 2740 illum
507 2684 573 2755 quis
588 2684 759 2743 vindicaret.
1027 2683 1854 2758 runtlesionibus.Statimquecomesobseditlusuiarum

185 2776 248 2831 136.
279 2773 361 2833 Nono
386 2773 808 2842 italendasNovembria,ieria
832 2777 971 2844 secunda,
1027 2773 1214 2843 omnialoca,
1229 2778 1258 2830 et
1284 2774 1378 2846 coegit
1398 2775 1475 2832 ciues
1491 2775 1546 2831 sibi
1571 2775 1691 2833 reddere
1716 2775 1852 2834 marchas

150 2870 218 2923 ante
231 2866 337 2921 laetum
361 2863 391 2920 S.
408 2862 546 2931 amandi,
560 2863 730 2922 baldwinus
755 2882 790 2922 ex
813 2864 876 2922 illst
888 2865 971 2934 obiit,
1027 2864 1139 2936 argenti
1155 2862 1236 2920 mille
1251 2867 1279 2918 et
1293 2864 1512 2937 quadrigentas,
1529 2864 1553 2920 ei
1568 2865 1674 2922 saltem
1691 2863 1743 2921 illo
1758 2865 1851 2925 ,modo

152 2955 203 3031 qui
220 2971 297 3011 unus
312 2952 400 3009 etiam
421 2969 473 3025 par
489 2952 604 3024 parium
626 2952 779 3023 Flandriae,
794 2956 904 3012 domini
925 2955 972 3012 sui
1027 2952 1296 3024 repacificarentur.
1306 2951 1388 3008 Unde
1400 2953 1544 3011 concitata
1554 2953 1718 3011 estinvidia
1727 2952 1854 3010 maxima

151 3044 245 3104 Caroli
260 3044 425 3101 traditionis
438 3047 555 3101 notatus
571 3043 659 3113 malo,
671 3062 728 3102 non
740 3045 826 3118 longe
836 3050 903 3119 post
918 3046 972 3104 bac
1028 3043 1104 3098 inter
1117 3039 1195 3099 cives
1210 3040 1275 3098 illos
1296 3047 1325 3098 et
1349 3042 1497 3114 comitem,
1515 3043 1555 3101 ita
1579 3048 1612 3100 ut
1636 3042 1776 3117 deinceps
1797 3043 1852 3101 eibi

149 3133 973 3210 vitepotitusexspiravitbeviorioccasionemortia,dum
1028 3132 1158 3204 suspecti
1175 3131 1443 3203 utrinquestarent.

150 3223 493 3291 seilicetcornuflaretet
504 3225 567 3295 jam
578 3228 662 3280 vento
672 3224 779 3282 arteria
797 3224 974 3282 intrinsecus
1064 3220 1348 3278 restaurationes
1371 3222 1520 3278 Februarii
1544 3222 1615 3279 teria
1628 3225 1711 3278 sexta
1732 3225 1800 3296 post
1814 3222 1854 3279 le·

150 3317 297 3387 turgente,
312 3312 406 3368 totius
423 3311 528 3383 capitis
543 3311 590 3367 sui
605 3311 681 3369 uires
696 3313 733 3368 ad
748 3313 877 3369 tiendum
894 3312 973 3368 labo·
1029 3315 1110 3368 atum
1126 3309 1341 3368 Purillcationis
1367 3309 1469 3367 metris
1491 3311 1620 3384 Domini,
1634 3313 1859 3370 insurrexerunt

151 3407 262 3469 rarent,
278 3418 313 3457 ex
328 3400 452 3472 abrupto
469 3398 597 3456 medulla
612 3400 723 3456 cerebri
737 3417 755 3456 a
770 3400 898 3458 naturali
909 3399 974 3458 loco
1029 3403 1192 3473 burgenses
1202 3398 1233 3455 in
1245 3400 1274 3455 S.
1285 3401 1454 3458 audomaro
1464 3406 1565 3459 contra
1577 3402 1765 3472 comitem,eo
1776 3403 1855 3476 quod

152 3506 305 3557 concussa,
320 3491 424 3560 erupta
437 3491 485 3544 est
499 3503 550 3558 per
564 3488 670 3544 vulnus
686 3489 851 3561 antiquitus
866 3489 974 3546 lactum
1029 3487 1365 3560 injustevolebetcomes
1376 3490 1511 3562 praeferre
1522 3489 1852 3550 illiscsstellanumloci

151 3579 181 3634 in
200 3578 307 3633 ironic.
325 3577 489 3641 Quodnam
512 3581 665 3632 ventorum
680 3581 708 3634 et
724 3578 833 3650 proprii
849 3578 973 3649 spiritus
1029 3575 1117 3644 illins,
1133 3576 1183 3648 qui
1198 3575 1338 3634 violenter
1347 3594 1393 3635 res
1408 3583 1437 3636 et
1447 3580 1645 3638 substantiam
1662 3580 1771 3638 civium
1787 3580 1855 3638 illo·

151 3671 250 3724 tumor
264 3666 441 3738 disruperat,
457 3665 633 3723 ebullierant
645 3665 790 3737 medulla,
802 3683 868 3739 quoe
882 3668 912 3724 in
930 3683 976 3724 aa·
1028 3681 1094 3721 rum
1109 3665 1280 3736 diripuerat,
1291 3671 1320 3722 et
1330 3667 1426 3725 adhue
1442 3685 1542 3740 rapere
1553 3671 1726 3743 satagebat3
1740 3671 1856 3728 obsedit

151 3756 403 3827 rebrojacuerant,
421 3753 625 3811 itautmeatus
639 3755 769 3824 narium,
781 3754 933 3812 oculorum
948 3760 976 3812 et
1030 3769 1147 3826 qnoque
1162 3753 1192 3811 S.
1209 3755 1403 3811 audomarum
1416 3773 1482 3813 cum
1494 3757 1573 3831 gravi
1584 3759 1767 3816 exarcitubt
1777 3759 1856 3817 cives

150 3843 239 3902 simul
254 3844 382 3917 gutturis
397 3845 587 3910 suffocarent,
603 3847 632 3900 et
645 3843 688 3900 sic
701 3848 835 3901 mortuus
847 3861 916 3901 ense
927 3845 975 3901 Dei
1031 3843 1479 3903 subintroduxeruutdrnoldum
1493 3851 1624 3919 nepotem
1636 3845 1732 3905 Caroli
1746 3864 1857 3905 conau-

152 3935 255 4006 plagas
270 3932 405 3990 mortales
421 3931 576 3989 sustinuit.
592 3932 722 3989 Tandem
748 3948 813 3988 cum
837 3949 977 4005 suprema
1031 3931 1069 3989 lia
1083 3936 1112 3988 et
1126 3933 1256 3989 hominia
1272 3938 1300 3990 et
1315 3934 1440 3992 locarant
1451 3943 1480 3992 et
1493 3937 1665 3994 securitates
1680 3944 1724 4006 ut,
1741 3940 1765 3994 si
1783 3939 1857 3995 lorte

152 4024 212 4079 vita
225 4023 359 4094 spiraret,
375 4021 570 4078 monachilem
595 4020 729 4077 habitum
753 4022 875 4093 accepit,
891 4026 920 4077 et
935 4021 977 4078 eia
1031 4021 1203 4094 perduraret
1217 4039 1314 4080 comes
1330 4042 1423 4081 novus
1447 4025 1476 4081 in
1502 4025 1614 4097 injusta
1638 4025 1806 4095 obsidione,
1821 4028 1857 4083 ad

156 4128 236 4168 more
251 4110 404 4167 christiani
426 4110 528 4166 militie
543 4126 560 4165 a
584 4108 691 4165 esculo
714 4109 868 4183 migrabat.
885 4110 977 4181 igitur
1030 4111 1114 4168 illum
1126 4111 1287 4168 ernoldum
1299 4130 1330 4170 se
1340 4120 1552 4171 converterent.
1562 4115 1670 4172 Eadem
1683 4119 1858 4190 tempestate

154 4200 203 4256 isti
219 4200 277 4254 duo
295 4198 454 4269 prescripti
470 4198 617 4269 principes
629 4201 723 4268 terra,
735 4213 802 4254 cum
815 4214 830 4254 a
844 4198 937 4254 vicino
947 4203 977 4256 et
1032 4201 1081 4258 nix
1097 4204 1125 4256 at
1139 4200 1248 4273 glacies
1260 4207 1289 4258 et
1300 4202 1393 4274 frigus
1408 4204 1573 4260 oborientia
1588 4208 1692 4262 ventus
1707 4205 1801 4261 simul
1816 4207 1860 4262 in·

153 4286 793 4360 interpositointervalloobiissent‚omnibus
805 4288 978 4346 terrsiuco-
1031 4289 1205 4347 horruerant
1224 4307 1313 4363 super
1337 4290 1441 4348 taciem
1458 4295 1552 4362 terre,
1569 4297 1597 4350 et
1621 4292 1686 4350 ideo
1712 4294 1860 4351 timebant

153 4377 191 4436 lis
206 4376 235 4433 in
247 4393 296 4433 ora
310 4381 339 4432 et
348 4376 490 4432 memoria
500 4376 624 4445 inerant,
636 4374 677 4432 ita
688 4384 718 4432 ut
729 4377 764 4433 de
776 4377 874 4434 subita
885 4383 978 4436 morta
1031 4378 1311 4447 insultumcomitia,
1323 4380 1632 4455 reddideruntquepro
1642 4383 1856 4455 repacificatio-

152 4483 253 4524 eorum
267 4469 437 4534 tractarent,
445 4481 521 4537 quos
532 4468 597 4536 post
608 4469 731 4523 mortem
742 4466 854 4523 domini
865 4466 970 4537 Caroli,
986 4470 1010 4534 D
1025 4485 1061 4524 ne
1070 4478 1219 4526 sexcentas
1231 4469 1364 4526 marchas
1380 4471 1507 4543 argenti.
1519 4469 1858 4529 Undemaximainridia

156 4561 232 4616 Deus
247 4564 305 4615 tam
321 4556 410 4615 veloci
427 4557 573 4614 sententia
588 4574 605 4614 a
620 4557 679 4614 vita
689 4559 862 4630 privaverat,
877 4565 906 4616 et
917 4565 977 4615 tam
1031 4558 1156 4615 excitata
1172 4561 1215 4613 est
1230 4557 1391 4615 intercives
1403 4558 1471 4616 illos
1483 4562 1511 4615 et
1525 4560 1705 4631 comitem,et
1716 4561 1860 4635 deinceps

155 4649 228 4705 levia
243 4663 335 4705 causa
349 4646 493 4704 moriendi
503 4647 576 4719 ipsis
587 4647 769 4703 occasionem
786 4649 978 4720 ordinemque
1032 4647 1099 4703 lacti
1115 4653 1183 4702 sunt
1198 4645 1253 4702 sibi
1269 4646 1409 4718 suspecti.

155 4740 351 4812 disposuerat.
368 4737 475 4794 Contra
487 4752 597 4793 morem
608 4736 803 4793 christianum
816 4737 936 4809 quidem
948 4737 978 4793 iu
1069 4735 1129 4790 110.
1145 4735 1262 4792 Decimo
1288 4743 1389 4807 quarto
1405 4736 1478 4809 (213)
1501 4736 1645 4795 Kalendas
1659 4738 1769 4807 llartii,
1787 4738 1863 4796 laria

153 4828 306 4885 obsidione
321 4831 438 4899 egerant
466 4842 532 4883 cum
558 4826 715 4898 preposito
730 4829 759 4882 et
772 4825 848 4894 aliis,
872 4841 979 4897 quoae
1032 4824 1861 4899 quintaanteSeptuagesimam‚insurrexeruntGauden-

154 4918 319 4990 captivitata
333 4917 503 4973 eduxerant.
521 4918 593 4971 Nam
607 4918 727 4986 accepta
740 4913 863 4985 pecunia
877 4932 893 4968 a
908 4932 979 4987 pre·
1033 4931 1081 4973 ses
1096 4920 1197 4971 contra
1212 4914 1403 4972 castellanum
1418 4932 1517 4984 suum,
1529 4932 1563 4973 eo
1578 4918 1656 4988 quod
1673 4916 1865 4988 injuriasset

154 5008 248 5080 posito
262 5011 292 5063 et
306 5005 379 5074 suis,
395 5008 550 5077 postquam
567 5003 729 5059 subductos
744 5007 847 5058 contra
863 5003 940 5075 regis
950 5007 979 5060 at
1032 5019 1166 5077 perverse
1180 5019 1297 5076 semper
1311 5004 1418 5076 egisset
1434 5007 1536 5060 contra
1546 5005 1640 5078 ipsos:
1650 5005 1864 5077 quitranstulit

153 5095 320 5167 principum
338 5093 455 5151 decreta
471 5106 522 5165 per
539 5091 623 5148 devia
637 5091 824 5159 diverterant,
841 5091 937 5148 nudos
951 5100 979 5150 et
1033 5110 1065 5150 se
1079 5095 1115 5150 ad
1127 5094 1290 5163 consulem,
1300 5110 1385 5167 quem
1396 5095 1432 5152 ad
1443 5094 1734 5167 repacificandumse
1744 5097 1865 5154 etcisas

154 5183 233 5242 solos
247 5184 276 5240 in
299 5183 371 5241 locis
390 5182 605 5255 campestribus
621 5181 809 5254 dimiserunt,
826 5197 979 5256 quousque
1034 5182 1164 5240 adduxit.
1181 5184 1276 5257 lgitur
1295 5200 1395 5242 comes
1419 5182 1519 5240 volens
1545 5184 1711 5257 opprimere
1739 5185 1819 5245 aives
1833 5190 1861 5244 et

190 5336 267 5403 (212)
277 5333 403 5405 blejerua
414 5333 557 5404 samiam
568 5335 632 5389 tum
644 5331 754 5405 lugisse
766 5333 794 5388 in
807 5334 940 5406 angliam
951 5340 980 5393 et
1033 5349 1048 5390 a
1064 5349 1179 5390 carcere
1201 5335 1320 5391 dieitur.

153 5420 221 5460 aum
236 5406 329 5477 copiis
346 5405 420 5475 regis
437 5405 626 5475 intercepisse
637 5403 739 5460 Slusaa
753 5406 881 5477 scripsit.
897 5407 978 5473 Quod
1069 5405 1141 5478 (21³)
1157 5411 1299 5480 Excerpta
1314 5423 1347 5463 er
1373 5406 1568 5477 sequentibus
1593 5423 1689 5480 usque
1716 5410 1754 5466 ad
1770 5411 1858 5469 linem

154 5474 979 5559 figmentumhincoptimerelellidiximus,siconleratur
1033 5479 1111 5534 edita
1135 5483 1206 5533 sunt
1230 5497 1246 5534 a
1267 5478 1405 5534 Chesnse
1429 5480 1459 5535 in
1483 5479 1716 5539 probationibus
1741 5482 1858 5540 familie

154 5558 218 5601 cum
230 5562 311 5602 num.
323 5547 385 5610 152,
397 5548 447 5602 uba
456 5548 491 5600 27
502 5546 600 5602 Martii
612 5547 680 5602 anni
696 5548 981 5618 sequentiseductus
1033 5550 1197 5606 (laudensis
1212 5566 1230 5604 a
1244 5550 1351 5621 pagina
1364 5550 1428 5610 205.
