3796 6000
26 1256 36 1267 ..
129 1207 197 1264 cae.
213 1204 296 1261 LVll.
315 1234 347 1245 —
376 1199 514 1273 Quomodo
529 1213 579 1253 ree
605 1194 704 1252 audita
731 1194 812 1263 {ama
832 1190 955 1263 Babylo·

126 248 188 312 otta
799 229 985 296 subnatat
1008 226 1210 300 toannsts.
1772 221 1836 284 600

130 384 232 455 capte,
248 383 277 435 et
293 379 322 434 in
338 376 531 449 compedibus
554 374 666 447 posita,
682 370 719 427 sd
734 368 951 425 discutiendum
967 367 994 432 Α
1010 362 1182 431 solidorum,
1197 361 1248 434 qui
1264 374 1442 433 paganorum
1459 357 1571 413 viribus
1585 355 1765 424 resistentes,
1785 371 1839 428 pe·

128 470 268 528 talentum
285 463 720 536 innumerabilisargenti,quod
731 458 953 515 idemsscerdos
1009 451 1141 523 regrinos
1157 454 1186 505 st
1197 450 1364 505 universnm
1378 445 1537 501 Ecclesiam
1553 445 1589 500 ab
1601 459 1703 500 earum
1719 442 1839 499 insidiis

128 562 246 631 propter
262 564 372 613 metam
400 555 634 612 Christianorum
652 549 877 605 subterraverat.
895 544 954 599 llac
1008 545 1037 595 et
1052 538 1212 595 assultibus
1228 542 1412 610 protegerent
1427 551 1460 591 ao
1475 534 1675 591 defenderent.

127 651 244 706 civitate
259 648 357 705 attrita
370 653 400 705 et
414 650 592 719 expugnem,
601 658 651 698 rex
665 659 682 696 a
696 640 801 696 diebus
815 640 955 692 Penteco-
1008 644 1075 703 eff,
1094 646 1161 703 mx,
1177 674 1211 685 ..
1228 643 1356 711 Qualiter
1373 645 1433 697 orta
1445 647 1483 695 ,ss
1495 642 1629 696 mecentio
1650 642 1725 694 tnta
1738 652 1834 708 sepem

128 744 190 797 stes
215 753 309 812 usqae
325 738 354 793 in
372 736 465 792 Natali
479 735 509 791 S.
538 730 661 790 loannis
676 729 813 801 Baptistae
829 726 858 782 in
875 725 954 780 omni
1302 721 1329 771 et
1339 712 1543 786 patriarcham.

128 830 311 902 plenitudine
335 827 569 883 necessariorum
598 819 740 894 requievit
754 818 783 872 io
799 833 843 872 es.
861 816 892 870 ln
910 814 955 868 his
1046 805 1213 863 patriarcha
1227 820 1295 860 vero
1310 802 1424 859 vinculo
1440 802 1556 872 private
1567 799 1735 857 dilectionis
1751 799 1838 855 tratri

129 918 234 974 diebus
249 917 431 974 sacerdotem
446 914 620 987 predictum
636 908 773 965 acivibus
790 905 872 961 urbis
888 907 956 958 Pto·
1012 895 1145 951 llauritio
1161 897 1189 951 S.
1207 899 1344 950 Romanae
1362 890 1495 947 Ecclesiae
1506 890 1601 962 legato
1613 888 1841 956 innodatus,ita

128 1006 342 1078 lenitateque
355 1009 401 1061 est
417 998 585 1072 Acrs,mille
601 997 742 1068 byzantiis
758 995 954 1066 redemptum,
1011 988 1043 1040 ut
1058 983 1148 1039 simul
1164 981 1363 1038 alilaeuterde
1377 979 1463 1036 bonis
1478 983 1560 1035 terra
1576 977 1839 1051 epulantes‚insuo

130 1097 193 1155 sine
208 1095 326 1154 laesione
338 1093 535 1152 membrorum
551 1089 674 1145 dimisit.
1010 1074 1141 1131 conclavi
1151 1072 1326 1130 oblationem
1339 1071 1432 1128 sancti
1444 1069 1571 1142 sepulcri
1583 1067 1715 1142 provelle
1725 1067 1841 1124 divide·

1011 1169 1085 1233 rent,
1102 1178 1222 1234 prorsus
1238 1161 1338 1217 audire
1354 1159 1555 1216 baldewinum
1571 1174 1668 1231 regem
1685 1157 1838 1230 parvipen-

244 1275 368 1332 m'ornm.
380 1288 476 1329 eorum
490 1269 668 1342 praestolatur
680 1269 840 1322 adventum.
1011 1253 1064 1319 dit,
1084 1266 1167 1323 spem
1182 1255 1212 1306 st
1227 1249 1363 1305 fiduciam
1379 1247 1410 1304 in
1425 1245 1578 1319 promissis
1588 1245 1748 1304 cardinalis
1763 1262 1838 1320 apo·

165 1363 309 1421 Posthac
324 1377 374 1418 rex
401 1359 514 1431 Joppen
539 1357 569 1411 in
588 1371 695 1428 magna
715 1351 808 1426 gloria
823 1350 955 1413 secessit,
1011 1341 1106 1399 stolioi
1127 1340 1220 1412 pretio
1246 1338 1374 1409 corrupti
1403 1337 1515 1394 hebens
1530 1341 1560 1392 et
1584 1337 1614 1393 in
1628 1351 1663 1393 eo
1685 1337 1766 1409 quod
1781 1337 1835 1393 lati

131 1452 274 1526 Arpinum
291 1452 327 1507 de
344 1447 501 1506 Bodttordls
516 1443 807 1514 civitate,principem
825 1438 958 1510 magnifi-
1012 1438 1130 1502 precatu
1148 1428 1270 1500 aurique
1285 1443 1417 1493 munere,
1431 1442 1526 1498 regem
1544 1442 1734 1499 corrumpere
1745 1426 1839 1498 potnit

132 1540 254 1610 cum,ad
271 1537 480 1596 custodiendos
496 1550 597 1591 muros
611 1538 640 1589 ei
654 1536 753 1602 portas
769 1529 896 1584 civitatis
912 1543 956 1582 re·
1011 1525 1040 1576 et
1056 1518 1180 1588 placare.
1196 1517 1273 1587 Rege
1285 1517 1383 1587 itaque
1400 1515 1594 1586 patriarcham
1610 1517 1719 1586 sepius
1736 1515 1838 1571 admo·

132 1630 282 1704 linquens,
298 1629 392 1701 loppa
407 1626 509 1698 itaque
522 1623 580 1693 regi
596 1616 912 1688 commoranti,legntio
928 1621 957 1670 et
1013 1617 1098 1663 nente
1115 1613 1147 1663 ut
1158 1605 1267 1662 milites
1282 1604 1476 1677 quadraginta
1491 1606 1839 1677 procuraret,ntquedatn

135 1718 214 1775 lama
228 1717 354 1775 Meravis
369 1709 847 1786 aRabylonisinnotuit,qnstenus
863 1704 956 1776 Baby·
975 1697 1038 1798 Bel
1058 1701 1178 1767 argento
1209 1694 1361 1751 benevolos
1378 1695 1408 1750 in
1435 1709 1510 1766 opus
1527 1693 1594 1749 belli
1614 1693 1760 1759 redderet,
1787 1710 1839 1765 pa·

133 1807 208 1865 lonii
224 1822 327 1863 omnes
342 1819 425 1862 arms
454 1799 674 1862 confluxissent,
692 1803 720 1852 et
735 1804 802 1868 post
817 1800 882 1849 octo
897 1793 959 1848 dies
1014 1785 1142 1840 triarchi
1156 1800 1225 1840 vero
1240 1783 1269 1838 in
1286 1782 1367 1839 nullo
1383 1798 1450 1839 eam
1471 1798 1560 1854 saper
1574 1783 1621 1838 his
1636 1782 1775 1840 audiret:
1791 1781 1840 1839 dis

136 1913 204 1955 oum
233 1913 267 1953 eo
295 1893 407 1951 bellum
448 1889 631 1947 committere
659 1885 864 1942 decrevissent.
896 1881 959 1937 ileo
1014 1876 1141 1948 quadam
1158 1875 1267 1929 lactum
1281 1877 1336 1939 est,
1351 1878 1383 1928 nt
1397 1870 1653 1944 idempalriaroha
1667 1873 1840 1929 cumfratre

136 2002 187 2044 rex
201 1986 335 2053 audiens,
350 1981 486 2038 universo
502 1983 576 2034 cmtu
602 1990 722 2032 suornm
737 1974 766 2028 in
782 1988 873 2028 unum
890 1988 959 2026 con·
1014 1964 1149 2020 Mauricio
1166 1962 1252 2018 solito
1267 1977 1348 2017 more
1362 1963 1391 2016 in
1405 1962 1492 2018 domo
1507 1978 1562 2018 saa
1576 1962 1775 2029 accumberet,
1792 1978 1843 2018 va-

135 2081 248 2143 uocato,
268 2089 303 2130 ex
330 2069 453 2128 consilio
468 2068 587 2123 illorum
614 2063 704 2120 exirit
719 2060 852 2133 cloppe,
872 2066 961 2130 atque
1016 2053 1121 2124 riisqne
1136 2053 1209 2108 cibis
1225 2050 1379 2122 splendide
1406 2049 1585 2122 epularetur,
1602 2052 1702 2108 tinam
1724 2066 1841 2123 quoqne

136 2162 213 2219 inter
237 2158 408 2217 Ascalonem
424 2160 453 2212 et
467 2155 586 2221 Remos,
606 2151 701 2207 tribus
728 2147 961 2205 hebdomadibus
1016 2159 1073 2199 non
1090 2141 1203 2198 modice
1218 2141 1340 2209 biberet,
1363 2156 1396 2195 ao
1413 2156 1516 2196 secure
1532 2140 1561 2195 in
1577 2140 1846 2197 comessationibus

135 2248 270 2316 evolutis,
287 2248 317 2302 in
344 2245 468 2318 planitie
496 2239 680 2312 amplissima
703 2238 812 2294 resedit
826 2253 886 2292 una
900 2251 963 2292 oum
1015 2233 1092 2289 diem
1106 2230 1464 2287 duceretNuntiatamest
1478 2230 1843 2303 teudemregiledewino

138 2335 304 2411 patriarcha
318 2340 347 2391 et
362 2333 442 2390 omni
458 2337 598 2403 apparatu
608 2343 708 2394 su0,ao
723 2327 860 2382 universa
875 2326 961 2379 domo
1016 2321 1385 2396 quodhujuscemodiluxu
1398 2320 1524 2393 singulis
1536 2321 1642 2378 diebus
1655 2320 1842 2378 convivantes

138 2427 237 2485 iratrls
252 2423 300 2482 aui
323 2423 408 2479 ducis
423 2418 582 2478 Godelridi.
599 2416 658 2473 Hoc
672 2432 739 2472 vero
766 2415 796 2470 in
811 2413 875 2470 loco
891 2414 961 2469 dum
1016 2411 1145 2467 lidelium
1160 2418 1227 2466 vota
1240 2411 1447 2467 vorarentsine
1458 2411 1543 2467 modo
1558 2415 1588 2466 et
1599 2427 1734 2477 numero,
1748 2418 1777 2467 et
1787 2408 1843 2466 hoc

137 2517 189 2573 diu
219 2512 458 2587 prestolarentur
494 2509 653 2564 adrentum
682 2504 878 2571 inimicorum,
909 2519 962 2559 nec
1016 2501 1111 2572 ipsum
1131 2515 1228 2569 regem
1249 2516 1304 2556 nou
1322 2498 1549 2566 solnmsuditu,
1575 2499 1732 2556 sedetiam
1756 2497 1842 2556 facile

139 2606 294 2678 qaisquam
310 2596 530 2657 illorumadhac
542 2597 571 2652 in
584 2593 961 2667 jactantiasuadescendis-
1016 2591 1079 2646 visu
1098 2605 1183 2662 posse
1198 2590 1333 2661 experiri.

139 2698 195 2762 set,
212 2707 261 2748 rex
288 2704 436 2763 quemque
464 2701 583 2742 snorum
613 2684 643 2740 in
659 2700 713 2739 aua
741 2683 870 2750 remisit;
899 2680 963 2753 ipse
1016 2682 1083 2739 Car.
1111 2683 1164 2739 Lll.
1181 2681 1373 2738 -Cootentio
1396 2683 1469 2738 inter
1493 2697 1584 2752 renem
1604 2688 1630 2740 et
1655 2680 1848 2756 patriarcham

140 2798 209 2842 vero
224 2780 355 2838 civitates
371 2778 399 2834 in
416 2774 539 2833 circuitu
556 2774 640 2839 sitas,
656 2779 715 2829 tam
734 2771 857 2842 caiphas
874 2787 962 2842 qnam
1203 2762 1343 2826 limittit
1356 2754 1500 2811 cardinale
1514 2756 1655 2812 litabilio-

142 2873 232 2929 Assur
245 2876 273 2925 οι
288 2871 417 2936 widrad,
433 2864 554 2938 pacifice
570 2861 767 2934 perlustravit,
1051 2842 1110 2900 Neo
1121 2859 1213 2912 mora,
1226 2844 1295 2899 dum
1313 2843 1342 2899 in
1351 2842 1453 2899 eodem
1467 2843 1690 2902 comessationi!
1699 2845 1799 2901 81υᾶἰο
1807 2844 1843 2900 td

139 2972 208 3029 Cae.
226 2967 318 3025 LVlll.
334 2995 369 3007 -
384 2961 520 3034 Quomodo
535 2977 585 3018 rec
597 2960 787 3033 patriarcham
808 2957 964 3015 convenerit
1018 2949 1150 2989 mennam
1162 2931 1446 3001 discubuissent,rcn
1457 2949 1524 2990 oum
1535 2933 1759 3004 quibusdamde
1769 2933 1844 3005 opti·

176 3049 206 3097 ut
219 3040 263 3096 vel
277 3040 336 3109 ipse
351 3035 454 3092 milites
475 3039 611 3106 procuret,
626 3031 672 3087 vel
697 3031 732 3087 nd
753 3037 962 3104 procurandum
1019 3022 1148 3080 metibus
1161 3025 1224 3079 suis
1233 3021 1348 3095 pulsato
1359 3021 1434 3078 ostio
1446 3024 1846 3090 intromissassdlait,sthos

174 3127 229 3178 00⁸2
243 3111 297 3167 llll
310 3108 422 3180 alicuid
437 3104 560 3178 pecunia
574 3104 740 3176 ‘milium
977 3101 1001 3170 C
1021 3117 1121 3184 patres
1136 3113 1208 3168 dnre
1218 3126 1356 3183 arguens,
1369 3111 1398 3167 in
1414 3110 1569 3169 beaverba
1582 3112 1847 3187 asperaprornpits

175 3212 234 3270 Nec
248 3209 335 3282 longo
346 3206 479 3282 posthac
491 3203 642 3264 intervallo
655 3219 705 3260 rex
717 3221 733 3261 s
745 3203 888 3260 militibus
903 3202 966 3260 suis
1022 3203 1079 3255 Vos
1095 3202 1123 3257 in
1148 3199 1401 3269 comessationibus,
1416 3217 1467 3256 aas
1491 3202 1521 3256 in
1544 3202 1778 3259 tribulationibus
1802 3199 1848 3258 die

141 3302 170 3359 ln
186 3301 258 3357 urbe
273 3298 380 3372 laphet
395 3313 445 3368 pro
461 3293 585 3369 pecunia
605 3294 792 3367 angustiatus
807 3300 861 3358 eet,
877 3307 965 3365 qaam
1020 3305 1052 3344 aa
1079 3299 1160 3346 nocte
1185 3292 1342 3361 sonitatum
1369 3299 1527 3346 nostrorum
1551 3290 1645 3348 saluts
1662 3299 1688 3349 et
1709 3288 1849 3364 perieulis

141 3389 202 3447 illis
216 3387 342 3446 debebat
359 3402 410 3458 pro
426 3384 616 3441 conventione
629 3381 800 3449 solidorum,
813 3380 863 3453 qni
878 3383 964 3437 etism
1021 3395 1173 3436 versamur.
1193 3379 1240 3435 Vos
1254 3380 1343 3447 prolis
1358 3388 1419 3435 octa
1432 3378 1562 3450 fidelium
1576 3382 1607 3437 is
1621 3380 1731 3438 deliciis
1745 3381 1847 3439 ambis

143 3478 224 3535 tratri
245 3477 310 3547 ejus
326 3474 493 3540 Godelrido,
514 3468 639 3545 principi
654 3468 817 3527 ierusalem
841 3470 966 3526 multum
1021 3469 1178 3540 applicatis,
1188 3469 1349 3536 anpustium
1362 3476 1387 3524 et
1398 3471 1549 3540 penuriam
1564 3475 1688 3527 nostram
1698 3472 1846 3543 ipnoratis.

143 3564 536 3637 obsequliimpenderant,et
547 3577 625 3617 nunc
636 3560 701 3631 ejus
716 3576 806 3616 causa
820 3559 968 3616 ethonore
1021 3556 1067 3614 Sic
1082 3556 1148 3613 oioit
1162 3556 1308 3623 Dominus,
1322 3557 1418 3614 amodo
1432 3557 1465 3615 de
1478 3561 1554 3615 omni
1571 3560 1710 3618 oblatione
1721 3558 1847 3631 fideliam

144 3670 204 3712 non
218 3653 330 3709 minore
345 3651 445 3708 studio
461 3648 587 3707 militare
596 3648 779 3706 laborabant.
787 3651 968 3721 Quapropter
1020 3664 1079 3703 non
1090 3646 1320 3716 mariamnam
1330 3645 1363 3702 de
1378 3646 1429 3703 ltac
1441 3650 1560 3706 vestirem
1571 3659 1693 3706 cestram
1707 3650 1783 3707 ultra
1791 3655 1846 3706 tan

144 3741 377 3815 Hierosolymam
407 3741 564 3813 proiectus,
590 3738 784 3811 patriarcham
801 3737 968 3812 compellat,
1021 3735 1135 3792 delicate
1150 3735 1311 3807 implebilis,
1321 3735 1378 3791 aiu
1393 3737 1496 3793 milites
1511 3739 1539 3793 in
1550 3739 1728 3796 concentione
1742 3738 1847 3796 solido·

144 3838 290 3907 qnatenus
305 3831 361 3889 sibi
371 3829 481 3903 aliquid
495 3827 625 3902 pecunie
636 3828 672 3884 de
682 3826 828 3886 oblatione
837 3829 966 3884 tldelium
1023 3841 1086 3880 rum
1099 3825 1284 3895 susceperitis.
1303 3824 1377 3881 Unde
1399 3827 1474 3881 enim
1501 3826 1587 3896 olibis,
1604 3836 1633 3884 ut
1660 3828 1801 3886 oblatione
1822 3833 1848 3885 et

143 3923 319 3997 impertiret,
334 3935 424 3993 quam
449 3918 592 3974 militibus
618 3916 761 3985 dividens,
790 3917 968 3975 voluntarios
1022 3930 1137 3970 munera
1151 3911 1276 3982 bdelium
1303 3917 1359 3968 tom
1374 3912 1459 3969 libere
1483 3919 1509 3970 et
1522 3920 1680 3986 potentsra
1707 3917 1848 3975 dominice

143 4025 194 4067 eos
207 4007 265 4064 sibi
281 4008 425 4072 redderet,
442 4020 474 4060 aa
490 4019 590 4059 secum
606 4006 738 4071 teneret;
753 4001 861 4076 alioqui
878 4005 967 4060 eosin
1021 4003 1146 4076 sepulcro
1174 4002 1288 4070 tollatis,
1308 4003 1340 4058 in
1367 4003 1442 4059 eibos
1457 4003 1591 4063 delicatos
1612 4009 1794 4080 cornponatis,
1821 4014 1849 4066 et

143 4096 278 4154 terminis
291 4093 456 4152 Jerusalem
472 4108 529 4149 non
560 4090 632 4147 velle
658 4108 808 4149 remanere
822 4098 850 4148 st
864 4098 970 4149 Sancta
1022 4094 1139 4149 minime
1153 4090 1278 4161 fidelium
1292 4093 1454 4148 necessitati
1466 4093 1657 4151 subveniatis!
1669 4095 1723 4153 iios
1737 4097 1848 4155 tama·

143 4188 313 4242 sanctornm
337 4183 501 4239 defensare.
519 4179 686 4237 patriarcha
702 4181 778 4252 regis
803 4182 902 4237 audita
918 4198 968 4252 pe·
1023 4182 1086 4250 lem,
1102 4183 1240 4238 cioitmem
1255 4186 1379 4238 sanciam
1404 4191 1430 4239 et
1444 4183 1532 4240 lecim
1559 4184 1716 4244 desiderati
1731 4187 1852 4261 sepulcri

143 4271 259 4340 odone,
275 4269 402 4327 induciis
419 4272 601 4342 pernoctem
624 4271 780 4342 susceptis,
796 4271 969 4328 incrastiuo
1022 4274 1156 4344 saepsisse
1199 4275 1292 4327 nostro
1342 4270 1535 4344 redemimus,
1574 4283 1601 4332 et
1646 4274 1759 4334 aradae
1795 4292 1851 4351 pro

145 4376 280 4420 maenus
295 4362 438 4417 ducentas
462 4373 576 4415 marcas
592 4359 703 4431 argenti
724 4376 754 4416 se
770 4361 807 4417 ad
824 4378 894 4418 usna
909 4363 966 4418 ira·
1022 4367 1179 4418 sancloram
1199 4363 1359 4432 detentione
1383 4361 1507 4433 pondera
1522 4364 1689 4422 laborumet
1716 4366 1851 4425 mainis

144 4455 226 4510 trum
252 4448 325 4507 inibi
358 4450 414 4505 lieo
442 4447 661 4518 tamulantium,
688 4448 827 4507 habuisse
854 4457 883 4507 et
911 4467 968 4508 non
985 4467 1008 4533 p
1022 4449 1391 4524 portamus;uosoblationis
1402 4450 1851 4529 bdeliumnosensortessactetis!

146 4537 283 4612 amplius,
314 4536 477 4609 prestetur,
503 4539 533 4592 et
558 4537 675 4593 easdem
699 4537 821 4610 benigne
846 4540 876 4596 in
905 4542 969 4612 ejus
1023 4541 1108 4606 Absit,
1124 4544 1154 4595 at
1169 4538 1349 4610 talesaeinus
1372 4541 1518 4608 patiami
1543 4543 1733 4602 ultramosas
1757 4555 1850 4604 uestra

146 4628 286 4687 mandato
300 4625 475 4683 distribuere
489 4625 644 4682 concessit.
655 4625 782 4682 Credidit
797 4643 847 4683 rex
862 4630 890 4684 in
907 4645 970 4685 rer·
1024 4629 1058 4687 ds
1071 4627 1114 4685 bis
1126 4627 1277 4701 repleatur.
1290 4628 1368 4685 derte
1377 4636 1426 4685 aut
1442 4646 1486 4687 tros
1499 4632 1631 4705 calicem,
1640 4650 1723 4707 qum
1732 4635 1852 4693 bibituri

144 4717 192 4776 his
205 4733 269 4790 qus
285 4732 303 4772 a
318 4714 485 4773 Patriarchs
501 4715 714 4784 referebantur,
727 4720 756 4772 et
776 4716 908 4773 oblatam
923 4733 968 4773 ar·
1024 4733 1129 4784 sumus,
1145 4720 1171 4773 et
1186 4716 1305 4773 bibimus
1319 4717 1369 4774 ltoc
1380 4727 1501 4791 tempore
1526 4725 1730 4795 anpmliarum,
1753 4724 1852 4783 trabis·

144 4812 265 4880 gentum
281 4803 480 4877 suscepti.8ed
491 4804 641 4872 arnoltus,
653 4804 746 4860 sancti
763 4805 888 4879 sepulcri
901 4825 969 4864 can·
1024 4824 1087 4864 cum
1102 4807 1211 4876 bibetis,
1225 4811 1275 4863 aut
1290 4808 1389 4876 videte,
1405 4825 1441 4866 ne
1455 4811 1647 4882 quidquamde
1661 4813 1743 4871 rebus
1756 4815 1854 4873 Eccle-

143 4896 292 4960 cellsrins‚
308 4902 337 4951 et
351 4894 448 4951 ceteri
472 4891 652 4965 complures,
668 4894 776 4966 quibus
797 4898 857 4952 tota
872 4912 970 4953 massa
1024 4895 1077 4954 siae
1104 4900 1181 4953 ultra
1206 4898 1376 4968 suscipiatis.
1408 4896 1467 4954 lloo
1482 4899 1573 4972 dioto,
1599 4902 1766 4973 patriarcba
1793 4920 1852 4961 non

141 4984 282 5055 innotuit,
298 4990 327 5042 et
341 4983 452 5041 oblatio
468 4981 614 5040 Dominici
630 4983 769 5055 sepulcri,
785 5001 970 5058 nequaquem
1027 4987 1126 5046 minus
1154 4988 1184 5044 in
1211 4989 1299 5044 verba
1327 4988 1487 5046 iracundie
1514 4992 1621 5065 erupit,
1638 4994 1762 5053 dicem:
1790 4995 1851 5053 nm

144 5089 244 5130 veram
261 5073 459 5143 patriarcham
473 5071 603 5144 profiteri
615 5072 848 5141 asserebant,sed
861 5075 971 5130 inesti·
1027 5087 1098 5135 reate
1124 5077 1264 5135 consultas
1289 5078 1395 5149 iecisti,
1420 5085 1450 5135 at
1480 5088 1536 5136 mm
1559 5086 1660 5140 temere
1685 5100 1735 5142 nos
1747 5101 1857 5159 arpas-

145 5160 972 5236 mabilsmpecunismclanonlamsuislocellisreposuisse
1026 5181 1070 5223 res
1087 5173 1111 5221 et
1140 5180 1184 5222 res
1207 5165 1338 5224 Ecclesiae
1366 5165 1571 5235 interdiceres,
1598 5186 1660 5227 cam
1688 5182 1795 5233 eostre
1819 5174 1855 5231 sit

145 5268 223 5311 enm.
233 5250 617 5308 Hnohrnolllassertionest
630 5249 875 5324 populiopinione
885 5268 972 5324 super
1027 5255 1155 5326 iustitiae,
1170 5263 1201 5310 ut
1215 5254 1264 5326 qui
1278 5254 1368 5312 altari
1378 5259 1515 5329 seruiunt,
1530 5257 1673 5318 desituri
1690 5264 1796 5321 uiuant.
1811 5266 1857 5320 An

144 5341 286 5399 thesauro
295 5339 533 5410 abscondito,rea
546 5338 670 5395 nimium
685 5340 776 5397 iratus
788 5340 973 5400 vehementer
1029 5343 1209 5401 tributariam
1223 5349 1249 5401 et
1263 5344 1445 5404 ancillariam
1458 5351 1550 5421 iacere
1563 5357 1691 5409 sanctam
1703 5356 1857 5426 praesamis

148 5430 346 5507 patriarcham
362 5444 467 5504 urgere
480 5429 579 5501 eapti,
595 5440 627 5487 ut
641 5446 676 5487 ex
690 5431 890 5492 oblationibus
902 5434 972 5491 lide·
1029 5432 1203 5491 Ecclesiam?
1225 5450 1309 5508 paam
1336 5436 1469 5493 Dominus
1496 5439 1573 5496 ieras
1600 5440 1650 5498 liei
1675 5442 1766 5503 siba
1807 5458 1858 5503 stts

148 5517 224 5581 ham
236 5517 346 5578 nribus
360 5521 530 5593 procuraret
542 5533 576 5577 aa
590 5519 728 5579 mdnerst
742 5520 975 5582 inconsentiens
1027 5524 1164 5596 sonpuine
1180 5522 1298 5582 liberam
1311 5542 1348 5583 ec
1361 5527 1469 5585 ancilia
1477 5527 1586 5606 {neum
1597 5530 1732 5594 casudiae
1743 5484 1861 5595 eiusd-
