3788 6000
166 220 246 283 1843

834 218 1014 286 seusun!
1031 220 1200 287 ADDA'PlS

1803 226 1867 287 llll

164 361 274 416 etiams.
291 357 420 424 Intende,
436 355 566 412 obsecro.
583 354 665 411 Certe
680 355 758 411 idem
775 355 859 427 punis
869 354 987 412 benedi·
1003 360 1029 426 A
1045 361 1112 414 neat
1127 356 1156 412 iu
1170 355 1252 426 arelo,
1264 360 1294 414 et
1306 356 1461 430 frangatur
1475 355 1505 411 iu
1516 355 1675 414 terra‘lflic
1690 358 1821 414 maxime
1831 376 1867 432 ap

164 450 249 514 citur,
267 449 406 512 sumitur,
422 444 619 500 distribuitur.
645 449 678 498 Et
703 452 799 500 tumen
830 443 986 517 Apostolus

163 537 266 593 moluit
283 538 388 606 dicere,
405 536 484 606 poma
500 551 581 607 quem
592 535 765 608 penpinas,
782 551 885 607 quum,
901 534 987 606 panis

165 643 252 699 quem
271 624 482 693 benedicimus,
493 624 650 696 sivequem
660 625 816 689 sumimus,
829 625 985 695 sivequcm

163 717 379 773 distribuimus.
398 714 507 769 Deinde
523 730 590 769 cum
603 714 679 768 idem
691 714 776 785 punis
790 714 919 786 quotidie
932 718 987 768 Deo

163 808 193 862 in
210 807 332 861 salutem
350 803 441 859 totius
457 803 559 858 mundi
570 804 720 868 offeratur,
731 819 797 857 cum
813 819 868 858 noir
883 801 986 858 saltem

162 913 267 970 panem
285 910 373 968 quem
390 893 551 960 offerimus,
566 893 764 965 potiusquam
782 907 886 962 panem
899 906 986 962 quem

162 988 325 1059 frangimus
339 984 422 1052 dixit,
439 998 505 1039 oiim
521 984 624 1054 utique
640 981 917 1037 convenientissime
930 979 987 1036 dici

162 1071 757 1152 potueritflltcvaugelistamaquoournon
773 1069 870 1142 potius
882 1085 985 1141 panem

162 1163 387 1231 benedictionis,
413 1161 472 1217 sive
496 1176 599 1231 panem
625 1159 908 1226 communicationis,
936 1174 987 1214 ssu

164 1273 270 1332 panem
288 1253 516 1318 distributionis,
534 1259 582 1306 aut
597 1256 674 1306 certe
690 1266 795 1322 panem
821 1249 987 1315 oblationis,

161 1365 248 1421 quam
263 1360 365 1417 panem
378 1343 528 1399 fractionis
540 1340 772 1414 posuit‘lNempc
786 1341 833 1395 ubi
848 1340 875 1394 id
889 1341 988 1411 potius

160 1436 339 1509 apostolicus
351 1449 446 1490 sermo
459 1438 547 1505 atque
558 1431 741 1501 evangelicus
753 1448 806 1485 sua
816 1431 988 1485 auctoritate

1042 451 1122 517 paret
1138 449 1212 519 quod
1228 446 1512 519 superiuedixi,ideo
1525 449 1699 518 Apostolum
1712 453 1741 503 et
1753 464 1865 522 evange·

1041 535 1138 592 lislam
1156 538 1275 593 verbum
1293 536 1444 593 fractionis
1460 536 1604 609 praecipue
1621 540 1867 609 posuissemus

1043 643 1097 681 suu
1114 627 1288 684 auctoritate
1304 627 1481 695 firmaretur,
1495 625 1573 682 unde
1584 629 1703 684 facilius
1714 644 1764 684 cor
1775 628 1868 684 huma·

1043 731 1111 771 nuru
1128 717 1284 775 dubitaret.
1302 717 1480 771 Valdeenim
1494 717 1550 772 sibi
1562 717 1616 787 ipsi
1627 717 1865 777 adversaurdetur

1042 807 1176 867 assertio.
1190 823 1253 860 cuin
1267 806 1302 861 de
1313 824 1369 862 uno
1382 807 1543 878 eodemque
1554 823 1675 879 corpore
1685 810 1862 879 predicatur,

1044 898 1119 968 quod
1138 897 1283 965 integrum
1302 906 1417 952 maneat
1432 904 1459 951 et
1472 896 1636 961 frangatur.
1652 899 1707 952 Sed
1721 898 1862 972 hasungu-

1043 988 1115 1042 stias
1133 1004 1191 1041 non
1208 989 1317 1060 patitur
1345 987 1477 1042 humana
1501 988 1619 1053 inopia:
1646 988 1752 1045 diviua·
1777 996 1860 1045 autem

1046 1077 1181 1147 potentiae
1193 1084 1287 1133 metus
1299 1078 1446 1149 praefigere
1459 1094 1514 1132 noo
1526 1076 1739 1134 valrthumuua
1751 1080 1858 1135 infirmi·

1043 1168 1101 1229 tae,
1118 1167 1172 1222 etsi
1189 1171 1309 1221 conetur
1323 1165 1483 1222 temeritas.
1500 1167 1567 1231 Quae
1581 1168 1658 1223 enim
1673 1167 1856 1238 impossibilia

1045 1260 1116 1311 sunt
1132 1256 1207 1328 apud
1225 1256 1370 1324 homines,
1392 1255 1543 1327 possibilia
1567 1262 1636 1311 sunt
1659 1258 1738 1327 apud
1768 1259 1856 1313 Deum.

1043 1345 1181 1416 Alioquin
1199 1344 1331 1416 nunquid
1356 1345 1413 1401 hoc
1435 1343 1531 1399 sulum
1556 1345 1593 1401 de
1617 1344 1725 1401 Christi
1750 1362 1856 1418 corpore

1044 1434 1188 1491 asseritur
1203 1434 1341 1490 humanas
1357 1433 1461 1490 rationi
1478 1434 1668 1503 contrarium,
1686 1440 1716 1489 et
1727 1438 1812 1508 Juxta
1825 1435 1855 1492 le·

161 1527 319 1592 roboraret,
348 1524 424 1579 unde
449 1523 536 1578 citius
559 1521 687 1577 dubitari
708 1537 795 1593 posse
819 1522 986 1575 constaret:
1042 1540 1107 1598 gem
1125 1524 1324 1579 humanorum
1341 1539 1492 1595 corporum
1506 1524 1857 1596 impossibilstonnade

161 1616 279 1672 demum
296 1613 501 1683 fortassequod
514 1616 542 1667 et
553 1613 648 1683 magis
659 1612 839 1683 congruebat
850 1608 987 1679 mysterio
1043 1612 1144 1669 eodem
1160 1628 1283 1684 corporo
1299 1614 1450 1681 asseritur,
1468 1612 1546 1684 quod
1562 1628 1613 1684 per
1625 1612 1787 1669 nativitatis
1810 1630 1856 1669 soa

160 1703 328 1774 hujusmodi
346 1701 558 1774 pronuntiatio.
1043 1700 1854 1785 mysteriumadbumanosocolosclausouteroVirginia

196 1793 328 1864 Namque
339 1792 345 1845 i
351 1806 403 1863 psa
411 1790 460 1846 Dei
471 1789 625 1860 sapientia,
639 1805 702 1861 quas
714 1789 769 1844 hoc
779 1804 898 1860 corpus,
910 1789 987 1844 unda
1039 1790 1174 1855 exbibet
1184 1791 1220 1846 ad
1230 1788 1391 1861 discipulos
1400 1791 1465 1861 ejus
1477 1805 1526 1860 per
1537 1793 1778 1847 resurrectionem
1791 1796 1854 1847 clau-

159 1880 286 1954 agimus,
303 1878 467 1935 animatum
484 1877 540 1933 sibi
556 1876 586 1932 in
603 1876 855 1949 unitatepersonue
871 1892 987 1933 assum·
1040 1881 1081 1937 sis
1093 1880 1193 1951 januis
1208 1879 1357 1947 introivit;
1374 1879 1571 1951 sequeipsun
1590 1884 1619 1935 et
1630 1879 1775 1952 palpabile
1784 1887 1811 1936 et
1819 1892 1852 1936 ta-

159 1970 228 2044 psit,
246 1984 312 2025 cum
328 1968 356 2024 in
373 1968 470 2040 seipsa
497 1966 683 2040 integerrima
700 1977 825 2032 maneat,
843 1964 927 2022 nobis
943 1970 988 2022 ta·
1040 1985 1107 2025 men
1123 1966 1345 2040 incorruptibile
1356 1967 1567 2024 demonstravit
1578 1968 1591 2024 ‘l
1602 1969 1674 2025 Dece
1686 1969 1753 2036 tria,
1766 1976 1799 2027 ut
1810 1970 1852 2027 hoa

160 2077 227 2116 men
245 2059 399 2132 frangitur,
412 2074 478 2113 cum
489 2057 660 2129 exponitur:
671 2072 783 2128 nosque
793 2054 835 2111 illi
846 2055 986 2126 spiritua·
1034 2056 1098 2128 jam
1115 2073 1173 2112 non
1188 2057 1227 2113 sit
1240 2057 1347 2123 solum,
1361 2062 1410 2112 sed
1427 2061 1564 2130 quartum
1586 2073 1687 2114 eorum
1704 2075 1767 2131 quas
1792 2059 1852 2115 ratio

160 2149 225 2206 liter
241 2147 495 2210 communicando,
518 2145 661 2201 veraciter
683 2143 809 2200 vivimus
831 2147 899 2200 Deo.
925 2145 987 2209 Quo
1038 2161 1097 2202 nou
1113 2146 1355 2217 comprehendit;
1373 2147 1446 2203 lldee
1471 2158 1569 2203 tamen
1595 2147 1700 2203 divine
1726 2150 1849 2217 protentis

160 2243 261 2296 contra
276 2238 312 2293 do
327 2237 441 2293 defectu
457 2236 610 2290 doctorum
629 2250 678 2305 per
692 2233 850 2289 daramium
868 2232 983 2305 plangi·
1038 2235 1180 2291 concedit.
1197 2236 1233 2290 At
1247 2235 1296 2290 alii
1313 2235 1431 2306 quidem
1444 2236 1649 2307 unusquisque
1660 2238 1729 2309 quid
1744 2240 1847 2305 sentiat,

159 2332 226 2385 tur:
244 2326 359 2382 Parvuli
372 2326 509 2395 petierunt
520 2339 636 2396 prrnem,
651 2326 677 2379 et
691 2338 746 2380 uon
760 2324 819 2379 erut
831 2323 880 2394 qui
903 2327 986 2394 frou·
1037 2322 1189 2380 videatur:
1210 2323 1283 2379 mihi
1299 2329 1396 2380 sutem
1413 2326 1494 2395 pium
1509 2332 1536 2381 et
1551 2325 1659 2380 bonum
1676 2331 1723 2382 est
1742 2327 1849 2393 sentire,

158 2420 233 2490 peret
248 2418 297 2471 eis.
314 2415 370 2471 Sed
389 2413 467 2470 aliud
483 2418 540 2478 est,
557 2428 623 2468 cum
638 2412 673 2467 dc
688 2413 811 2467 veritate
826 2409 984 2481 cujuslibet
1038 2414 1108 2488 qula
1124 2413 1197 2471 illud
1215 2430 1330 2488 corpus,
1348 2415 1425 2487 quod
1441 2414 1745 2486 magnaillaalnimis
1758 2419 1853 2475 incom-

160 2503 381 2561 refrenandum
399 2500 601 2574 proprietatem
619 2499 686 2555 iacti
711 2498 868 2571 quaeritur;
893 2499 985 2569 aliud,
1037 2503 1244 2578 prehensibilis
1260 2504 1430 2561 sublimitas
1454 2505 1571 2562 Deitatis
1595 2523 1683 2563 suum
1711 2508 1850 2580 proprium

161 2610 227 2652 cum
244 2592 313 2649 facti
328 2592 460 2664 ejusdem
477 2590 600 2663 mystica
616 2589 689 2646 ratio
702 2588 856 2661 allegorice
867 2589 985 2646 discuti·
1036 2608 1100 2650 assa
1115 2592 1217 2661 voluit,
1231 2591 1373 2649 ineflabili
1397 2595 1524 2665 quadam
1547 2611 1580 2650 ao
1604 2596 1747 2668 singulari
1771 2602 1849 2668 atque

161 2688 220 2740 tur.
232 2682 315 2739 llarbi
327 2677 567 2755 gratialegiturin
581 2678 827 2752 Evangelio,quod
841 2678 984 2735 Dominus
1037 2681 1137 2738 divina
1151 2683 1280 2754 potentia
1296 2698 1353 2739 uon
1363 2682 1459 2739 solum
1474 2684 1617 2750 mortalis,
1633 2685 1782 2742 sedetiam
1797 2686 1845 2740 im·

163 2777 230 2846 post
240 2770 483 2828 resurrectionem
495 2768 603 2826 clausis
611 2768 711 2840 januis
724 2769 759 2824 ad
772 2767 931 2841 discipulos
942 2769 984 2825 in·
1035 2771 1168 2828 mortilia
1188 2788 1221 2828 ac
1241 2773 1372 2831 coelastia
1386 2790 1508 2847 corpora
1530 2774 1704 2844 longissima
1728 2774 1845 2831 excellat.

63 2909 65 2912 ,
161 2878 279 2934 gressus
299 2861 345 2917 sit.
373 2859 469 2916 Primo
494 2860 655 2915 secundum
682 2857 890 2931 proprietatem
915 2859 983 2915 facti
1036 2861 1176 2918 Ceterum
1191 2861 1227 2918 de
1242 2861 1292 2918 illo
1307 2878 1426 2934 corpora
1441 2865 1604 2920 secuudum
1625 2864 1719 2936 legem
1735 2867 1845 2920 aliorum

161 2952 311 3025 queritur,
328 2950 475 3022 quomodo
491 2964 590 3005 verum
603 2965 709 3020 corpus
725 2949 791 3017 fuit,
806 2949 883 3022 quod
897 2949 932 3004 ad
944 2949 985 3007 di·
1039 2967 1195 3024 corporum
1210 2951 1350 3009 rationari
1364 2950 1446 3020 velle,
1476 2952 1617 3010 viventem
1641 2971 1708 3009 euin
1738 2953 1846 3011 mortuis

160 3042 289 3113 scipulos
304 3040 412 3098 clausis
427 3040 539 3096 foribus
550 3039 711 3096 introduxit
724 3055 731 3094 ε
743 3037 847 3095 deinde
860 3039 983 3112 mystica
1037 3057 1167 3114 querare
1182 3045 1238 3098 est.
1252 3041 1370 3098 Desinat
1380 3056 1448 3114 ergo
1463 3041 1561 3103 bomo.
1572 3043 1621 3114 qui
1637 3045 1744 3115 proprii
1757 3061 1847 3115 corpo-

160 3132 232 3190 ratio
247 3132 379 3202 ejusdem
397 3130 466 3187 facti
482 3130 683 3202 subsequitur,
700 3128 811 3187 scilicet
831 3129 888 3186 uisi
903 3130 979 3200 quod
1037 3131 1079 3188 ria
1093 3131 1279 3188 infirmitates
1295 3131 1471 3204 investigare
1488 3137 1576 3204 atque
1603 3149 1776 3190 enumerare
1799 3149 1846 3189 nou

158 3222 313 3278 conclusus
337 3220 424 3276 tuerit
440 3221 554 3288 hortus,
572 3220 682 3276 frustra
705 3235 814 3290 sponsa
837 3233 979 3291 sponsum
1035 3219 1154 3288 sufficit,
1170 3221 1206 3277 de
1232 3220 1280 3276 Dei
1302 3237 1422 3292 corpora
1449 3221 1508 3277 alta
1541 3238 1663 3295 sapere3
1686 3225 1779 3278 discat
1801 3224 1847 3278 bu·

158 3309 290 3367 exorabit
301 3311 412 3368 :t'eniut
425 3308 693 3366 dilectusinbertum
702 3311 845 3376 suumllt,
854 3312 887 3365 ut
900 3324 981 3381 apar-
1036 3310 1156 3368 milibus
1166 3310 1341 3368 consentire.
1351 3311 1515 3368 Meminerit
1524 3312 1731 3384 quodquidam
1741 3313 1848 3386 sapiens

159 3396 980 3471 tiusutquecompendiosiusdicatumuisicontramuudi

159 3489 333 3558 cupiditates
349 3488 424 3542 foras
439 3487 585 3543 cordistui
596 3488 701 3542 clausas
711 3486 828 3549 fuerint,
841 3487 981 3557 spiritua·

156 3577 195 3633 lis
211 3576 305 3647 gratia
319 3580 348 3631 te
365 3575 513 3632 illustrare
528 3593 585 3631 non
603 3574 717 3648 poterit.
746 3576 848 3630 ilerum
873 3575 903 3631 in
925 3576 981 3634 hoo

157 3665 220 3722 loco
237 3664 284 3719 ubi
302 3666 337 3720 de
354 3665 528 3737 proprietate
544 3664 669 3735 agimus,
687 3662 869 3734 spiritualem
890 3665 979 3721 ratio·

155 3753 981 3827 nemintermiscuimus:quiaeapienuamDei,quaedis·

156 3845 239 3918 ponit
268 3846 366 3900 omnia
394 3844 533 3910 suaviter,
559 3860 688 3915 congrue
713 3843 877 3913 corporalia
903 3845 981 3901 factu

152 3932 980 4010 secuudumspiritualiumrationemordinareaccipimus¹

157 4023 314 4080 Psalmistu
337 4039 453 4095 quoquc
478 4027 653 4079 attestante:
671 4023 770 4078 Omnia
791 4023 821 4077 in
842 4026 980 4095 sapientia

157 4113 981 4189 fecisti.1gitur,sccundumfidamllvangelii,quoddixit,

1036 3418 1102 3459 cum
1118 3401 1154 3457 de
1167 3399 1394 3474 coloqueretur,
1410 3401 1502 3458 dixit:
1520 3402 1593 3458 utin
1614 3403 1751 3474 pluribus
1767 3402 1849 3477 operi·

1036 3492 1091 3547 bus
1106 3492 1170 3562 eius
1184 3506 1242 3547 nou
1258 3490 1349 3547 fueris
1364 3491 1510 3547 curiosus.

1072 3580 1280 3638 Verumtamen
1291 3597 1437 3653 ponamus
1446 3580 1773 3653 aliquemooucessisse,
1781 3582 1849 3656 quod

1035 3690 1101 3730 vera
1117 3689 1174 3729 uon
1191 3673 1342 3746 frangatur
1356 3689 1464 3745 corpus
1479 3672 1586 3727 Christi
1602 3678 1634 3728 ut
1647 3674 1850 3747 videamusqui

1036 3763 1148 3820 fructus
1164 3762 1232 3819 inde
1247 3767 1393 3819 nascatur.
1412 3767 1460 3818 Dic
1476 3780 1544 3835 ergo
1570 3763 1651 3833 uubi,
1676 3764 1796 3821 obsecro
1818 3770 1850 3835 tc,

1038 3856 1114 3910 unda
1132 3859 1230 3925 potero
1245 3851 1320 3908 scira
1330 3853 1404 3925 quod
1419 3868 1516 3907 aarum
1527 3851 1851 3925 loquaturavnogolista,

1036 3960 1103 4000 cum
1120 3942 1208 3999 dicit:
1225 3943 1279 3997 lloc
1290 3948 1330 3997 est
1344 3956 1445 4010 corpas
1459 3957 1565 4009 merten,
1582 3941 1607 3995 si
1625 3941 1728 3997 fefellit
1742 3945 1853 4013 quaudo

1037 4029 1855 4103 dixit,srepitfIdentidemsimentiturApostolosdicens,

1036 4122 1123 4180 Panis
1136 4137 1218 4193 quem
1231 4122 1400 4194 sranptmas,
1414 4120 1490 4175 unda
1501 4119 1618 4175 credam
1631 4118 1656 4174 ei
1669 4122 1747 4189 quod
1761 4137 1855 4177 verum

159 4203 295 4258 benedixit
309 4208 334 4258 et
346 4205 446 4271 (repit,
465 4203 594 4275 Apostoli
611 4204 788 4275 quoqnequi
801 4205 881 4272 dicit,
893 4208 980 4263 Panis
1036 4211 1122 4280 dicat,
1151 4212 1267 4282 qnando
1306 4211 1463 4282 sequitur,¹
1489 4208 1702 4265 comaruuicutio
1738 4213 1856 4277 corporis

157 4307 236 4364 quem
249 4291 427 4362 fraumarum
441 4292 523 4346 Lucre
539 4291 627 4346 etium
645 4292 979 4365 avangelistasquidicit,
1037 4299 1141 4359 cariati
1155 4299 1216 4356 aar?
1231 4302 1332 4370 ltaque
1348 4299 1396 4371 qui
1413 4314 1480 4355 vere
1500 4298 1596 4369 frangi
1620 4314 1730 4370 corpus
1751 4299 1855 4355 Christi

156 4383 242 4438 Ponit
258 4381 424 4453 fractionis:
441 4381 823 4438 contestanteuibilomiuus
835 4384 981 4455 spirituali
1037 4407 1093 4447 non
1109 4390 1251 4457 concedit,
1267 4395 1357 4446 totam
1373 4389 1460 4445 fldem
1477 4387 1552 4444 tanti
1564 4391 1752 4455 sacramenti,
1765 4406 1855 4461 quan·

156 4473 268 4528 ratione
284 4470 386 4538 fultus,
402 4471 486 4527 corde
502 4470 599 4537 credo,
616 4484 665 4524 ore
681 4473 821 4528 confiteor
836 4473 872 4529 ad
898 4474 978 4530 salu·
994 4471 1018 4537 D
1033 4486 1094 4537 tum
1110 4479 1141 4535 in
1156 4495 1187 4536 sa
1202 4483 1256 4547 est,
1273 4477 1369 4551 fregit.
1382 4478 1437 4534 Sed
1449 4477 1537 4542 absit,
1551 4485 1581 4533 ut
1592 4478 1760 4550 evangelica
1771 4491 1856 4553 a·qua

157 4567 226 4631 tem,
243 4560 310 4633 quia
325 4560 467 4617 veraciter
482 4576 586 4632 corpus
602 4559 708 4615 Christi
735 4561 872 4619 manibus
895 4564 979 4619 frau-
1034 4567 1193 4641 apostolica
1213 4566 1287 4624 falsa
1310 4566 1486 4623 credanturl
1513 4567 1591 4624 absit
1617 4573 1649 4623 ut
1672 4567 1856 4641 impossibile

157 4654 237 4726 gitur
252 4653 416 4710 sucerdotis.
1033 4660 1171 4714 credatur
1185 4658 1262 4728 apud
1277 4662 1369 4714 Deum
1386 4673 1472 4713 omne
1482 4656 1622 4713 verbum!

194 4743 246 4799 llic
263 4743 336 4799 mibi
351 4744 423 4800 forte
437 4742 595 4800 insultatur
617 4740 654 4798 ab
678 4740 737 4799 illis
761 4742 810 4815 qui
837 4749 979 4802 rorarunt
1067 4746 1150 4803 Dicat
1165 4745 1271 4816 aliquis
1287 4762 1345 4803 nou
1361 4745 1462 4802 omnia
1477 4744 1580 4801 divina
1603 4746 1741 4817 potentias
1764 4750 1857 4805 sacri·

156 4835 302 4892 Christum
319 4835 456 4890 udexlris
472 4834 563 4890 Patris
580 4832 680 4889 sedere
695 4849 753 4888 non
774 4831 875 4905 utique
890 4833 977 4889 dimi·
1032 4835 1145 4905 bends;
1161 4835 1285 4891 rationis
1300 4835 1361 4892 aeia
1377 4834 1469 4891 multa
1484 4833 1698 4907 investiganda.
1717 4836 1777 4903 Ego
1789 4855 1855 4895 cnm

155 4925 237 4980 dium
254 4928 303 4978 aut
316 4921 452 4988 debilem,
469 4921 520 4977 sed
536 4928 626 4977 totum
639 4921 796 4993 integrum.
808 4923 898 4988 Quasi
909 4939 976 4979 varo
1031 4923 1168 4998 spostolo
1185 4940 1262 4980 nunc
1277 4940 1419 4996 cognosco
1434 4939 1468 4979 ex
1490 4928 1583 4996 purte,
1610 4933 1802 4996 exspectans,
1827 4934 1855 4984 ut

154 5012 385 5085 Apostoluscum
399 5010 517 5078 dicaret,
532 5013 895 5083 panemqucmsronpimua,
906 5028 977 5068 com·
1030 5031 1096 5072 cum
1113 5015 1143 5069 iu
1159 5012 1306 5069 Galilasam
1321 5029 1437 5080 venero,
1454 5013 1494 5067 ibi
1515 5029 1581 5068 eum
1598 5012 1713 5069 videam
1733 5018 1807 5071 facie
1820 5018 1852 5073 ad

153 5102 305 5159 aturricutia
319 5100 442 5173 corporis
457 5100 569 5156 Domini
584 5103 633 5169 est,
649 5098 758 5156 oblitus
769 5100 857 5157 fuerit
870 5101 906 5156 da
917 5118 975 5174 quo
1028 5104 1144 5162 faciam.
1160 5103 1191 5160 st
1206 5102 1273 5176 quis
1286 5110 1379 5159 tamen
1391 5101 1502 5159 humile
1513 5101 1612 5175 pusilli
1623 5103 1784 5161 consilium
1798 5124 1853 5163 non

152 5191 241 5249 toties
257 5189 469 5261 memoraverit,
483 5189 560 5261 quod
581 5189 663 5246 ssdct
685 5190 720 5245 ad
746 5189 891 5248 dexteram
915 5197 973 5249 Pa·
1029 5193 1213 5264 aspernatur,
1230 5189 1284 5247 hoo
1299 5189 1389 5245 divini
1403 5187 1532 5261 corporis
1544 5189 1720 5262 mysterium
1734 5194 1854 5250 nullate-

152 5281 226 5351 tria;
242 5279 350 5338 oblitus
368 5279 453 5336 fuerit
469 5279 503 5336 de
529 5295 587 5352 quo
611 5294 679 5335 cum
703 5284 786 5336 tanta
809 5281 974 5338 constantia
1028 5278 1853 5352 nusrationediscutiat,sedavangalicsauctoritatisiuc

151 5370 234 5442 dixit,
251 5370 328 5443 quod
344 5384 523 5440 reaurpmsc
547 5370 665 5457 mortui(
678 5369 739 5441 jum
762 5386 817 5426 non
841 5374 972 5442 moritur,
1027 5370 1208 5429 dubitatione
1221 5371 1328 5428 credat.
1355 5369 1516 5427 Abscondit
1542 5368 1603 5443 haec
1626 5388 1643 5426 a
1668 5373 1854 5445 sapientibus

151 5472 224 5514 mora
238 5459 284 5515 illi
299 5460 440 5516 ultronea
454 5458 822 5524 domiirotitar.=0uomodo
844 5477 912 5535 ergo
937 5463 972 5519 de
1026 5459 1169 5517 Dominus
1185 5464 1215 5516 et
1228 5458 1433 5532 prudentibus,
1448 5463 1478 5515 st
1493 5458 1630 5515 revelavit
1645 5473 1680 5516 ea
1710 5461 1852 5535 paruulis·

152 5549 972 5625 uuosodamquecorporsqueritur,quodintagrumms·
1025 5549 1135 5627 socru,
1150 5548 1259 5625 lnquit,
1274 5549 1365 5609 ocutos
1387 5554 1449 5609 taos
1470 5566 1487 5608 a
1507 5565 1573 5618 me,·
1596 5550 1653 5625 ipsi
1675 5564 1722 5610 mc
1746 5553 1856 5613 uictus
