3788 6000
153 290 211 354 sss
806 287 991 351 assantur
1012 287 1210 360 nouausrs
1303 253 1305 257 ’
1794 290 1855 349 ass

154 443 204 501 per
219 433 312 483 castra
326 427 393 493 luit,
409 426 474 482 aliis
487 426 604 498 sagittis
625 424 782 489 transfixis,
799 423 864 479 aliis
879 421 976 494 gladio
991 425 1018 490 Λ
1032 421 1119 478 sociis
1149 422 1211 481 sine
1232 422 1292 481 ulla
1320 423 1459 480 dilatione
1487 424 1538 480 aut
1565 422 1665 496 requie
1685 422 1853 482 subvenire.

153 515 497 580 detruncatis,aonnullis
522 533 536 571 a
553 520 613 570 tam
629 514 739 570 crudeli
757 513 838 570 hoste
852 512 979 582 captiva·
1031 511 1185 584 Tanquam
1200 514 1224 569 si
1241 515 1276 569 ad
1293 512 1456 570 convivium
1473 512 1605 568 omnium
1621 510 1791 568 delioiarum
1807 530 1855 570 vo·

52 648 55 653 -
154 605 481 677 tis3adhaecundiquc
509 606 806 676 clamormaqnusat
830 601 978 657 tremoris
1031 608 1175 672 curentur,
1206 604 1571 674 festinautarmacspere,
1599 600 1853 672 loricesinduere,

156 694 264 768 pupulo
279 695 432 759 excitatur,
450 694 586 750 mulieres
601 701 697 765 nupta
734 693 979 762 etinnupteuna
1031 690 1145 764 gladius
1186 692 1345 763 recingere,
1376 691 1460 763 equis
1497 690 1614 753 referre,
1651 688 1737 747 sellas
1766 693 1855 765 tergis

157 800 223 841 oum
240 783 309 838 viris
324 788 353 838 et
367 783 521 838 infantulis
536 782 979 837 detruncantnrllobertusvero
1031 780 1192 852 imponere,
1206 780 1321 853 clypeos
1338 786 1527 864 resumerent
1543 779 1577 835 ed
1593 779 1746 852 sexaginta
1761 779 1856 837 millia

156 873 328 928 parisiensis
360 872 475 926 miseris
490 870 591 926 volens
612 886 792 938 succurrere,
808 871 914 943 sagitta
930 887 978 926 vo·
1031 870 1572 943 equitnmecastrispruceduntcum
1589 873 1856 943 ceteramanupe-

156 966 228 1024 latili
253 969 384 1024 confixus
409 969 680 1025 etexstinctusasl.
707 968 894 1023 Boemuudus
923 967 978 1023 huo
1031 960 1200 1015 desumant
1216 959 1278 1014 diet
1293 957 1457 1014 clarissima
1472 956 1618 1027 illuxerat,
1634 956 1677 1013 sol
1694 956 1783 1013 radiis
1799 958 1856 1014 sul·

154 1063 252 1131 strage
262 1057 587 1131 grauissimaattunitus
602 1058 876 1130 caeteriqueprinree
887 1073 978 1128 equos
1030 1046 1855 1123 gebetlucidisaimus:quuesplendoriuclypeoseureus

155 1151 301 1219 reparant,
316 1148 351 1202 ad
368 1146 472 1203 loricas
488 1156 514 1202 ct
528 1162 611 1201 arma
640 1146 813 1202 festinantes
841 1145 869 1200 in
885 1161 977 1201 unum
1030 1145 1059 1198 et
1074 1144 1169 1196 vestus
1193 1140 1300 1196 ferreas
1316 1137 1441 1208 refulsit,
1458 1141 1543 1210 signa
1557 1145 1584 1193 et
1599 1136 1711 1206 vexilla,
1728 1139 1853 1210 gemmis

155 1235 415 1308 conglobantur,ac
431 1234 590 1306 plurimum
611 1252 642 1291 aa
654 1251 689 1292 ex
703 1234 861 1307 improviso
879 1233 977 1291 delen·
1030 1236 1060 1288 et
1074 1233 1153 1286 ostro
1161 1228 1273 1303 fulgide
1288 1233 1384 1285 erecta
1396 1232 1425 1283 et
1440 1226 1533 1283 baetis
1548 1225 1852 1295 inflxsporuseabant.

155 1324 334 1395 dentes,diu
366 1324 465 1397 praelia
493 1341 559 1381 cum
582 1324 715 1382 hostibus
745 1324 976 1381 committebant.
1029 1314 1852 1388 Caballicelerescaloatibusurgebantor‚nulluseocium

156 1413 703 1484 WillbelmusJuvcnisaudacissimus,
718 1413 978 1487 ettlropulcberri·
1030 1415 1080 1468 aut
1096 1409 1214 1465 fratrem
1231 1405 1429 1478 exspectabat,
1444 1405 1494 1460 aed
1511 1405 1709 1476 quisque,quo
1723 1403 1855 1462 velocius

46 1534 50 1551 ,
156 1501 600 1569 mus,lrater'l¹anlrradi,dum
630 1501 801 1557 muitumin
827 1501 977 1557 armisre·
1031 1503 1154 1572 poterat,
1170 1498 1206 1555 ad
1235 1495 1377 1553 auxilium
1395 1498 1424 1550 et
1437 1493 1595 1550 vindictam
1620 1493 1852 1551 Christianorum

156 1589 285 1658 sisteret,
300 1591 410 1647 furcos
439 1590 524 1647 basta
539 1592 645 1663 sepius
671 1592 839 1665 perforaret,
855 1592 885 1647 in
905 1609 977 1649 con·
1029 1589 1106 1645 siem
1122 1587 1350 1643 insistebatllos
1364 1582 1580 1655 denique'furoi
1595 1597 1630 1638 ex
1646 1581 1806 1655 improviso
1822 1587 1854 1640 ut

156 1682 258 1752 spectu
274 1677 368 1750 ipsius
383 1679 541 1735 boemundi
558 1681 668 1752 sagitta
683 1696 840 1752 percussus
856 1682 975 1738 corruit.
1030 1673 1280 1749 persenseruntad
1297 1670 1591 1727 auxiliumeociorum
1603 1668 1684 1726 omni
1699 1668 1853 1726 velocitate

156 1769 329 1826 Tankradus
353 1768 474 1825 viriliter
490 1771 518 1825 ln
534 1770 631 1844 gladio
647 1771 797 1840 defensus,
814 1772 860 1826 via
876 1771 976 1827 vivens
992 1779 1015 1844 Β
1031 1773 1060 1823 et
1074 1765 1141 1821 belli
1157 1761 1295 1819 instantia
1312 1760 1458 1817 animatos
1472 1775 1538 1816 esse
1552 1763 1612 1813 tam
1629 1757 1735 1819 robuta
1749 1773 1849 1824 mauu,

156 1860 257 1927 evasit,
272 1859 322 1916 sed
338 1860 453 1931 signum
469 1861 592 1927 decoris,
623 1861 700 1932 quod
718 1861 746 1916 in
768 1861 855 1918 basta
868 1865 975 1932 praetu-
1027 1860 1054 1916 ef
1072 1857 1101 1912 ln
1115 1853 1205 1910 armis
1220 1857 1249 1909 et
1261 1854 1340 1906 vesto
1356 1850 1458 1914 ferrea·
1474 1852 1502 1904 θῐ
1516 1848 1545 1903 in
1561 1846 1654 1919 ⁸58⁰ss
1669 1844 1799 1902 Ῑΰῦῑῖθΐῑῦ
1813 1847 1849 1948 ῑξῖ

154 1948 236 2018 leret,
264 1949 371 2005 ibidem
403 1966 469 2004 cum
512 1948 599 2005 fratre
621 1949 748 2022 reliquit.
780 1949 876 2020 Turul,
908 1967 974 2005 cum
1029 1937 1552 2013 bellaereotis,fugamarripiunt,et
1576 1937 1679 1992 timore
1702 1951 1850 2001 concussi,

156 2037 650 2111 principrsuosolymancmagisne
663 2040 976 2103 marisinvaleecentes
1029 2034 1136 2093 a‘rasde
1160 2029 1305 2087 horrenda
1320 2027 1478 2094 declinant,
1495 2024 1545 2082 alii
1561 2040 1613 2096 per
1628 2024 1716 2092 ditia,
1731 2022 1782 2081 alii
1799 2039 1851 2095 per

157 2127 269 2181 fortiter
283 2128 450 2198 irrumpunt
466 2129 609 2197 incestas,
620 2129 736 2198 sagittis
751 2134 892 2184 etcurneo
906 2145 974 2185 arcu
1029 2124 1147 2180 semitas
1164 2123 1246 2175 notas
1261 2117 1414 2188 dillugium
1431 2113 1581 2170 facientes.
1596 2112 1652 2169 Sed
1662 2112 1850 2186 solymanus,

156 2213 291 2270 lerientes
326 2220 356 2269 et
383 2216 591 2270 mortificantes
628 2217 751 2288 pedites,
785 2218 974 2289 peregrinos,
1030 2231 1096 2271 cum
1111 2211 1245 2286 ampliori
1257 2212 1381 2266 mauuet
1393 2206 1685 2264 densioribusouneis
1697 2205 1727 2263 iu
1744 2205 1853 2262 montis

155 2301 279 2375 puellas,
308 2303 456 2370 mulieres,
486 2304 622 2377 parvulos
646 2321 679 2360 ac
704 2322 799 2372 senes,
824 2306 976 2378 nullipar·
1030 2301 1182 2360 cacumine
1200 2293 1856 2370 fugaelapsusconsisteos‚cbrietianisluse-

154 2393 254 2446 centes
282 2391 370 2445 aetati.
392 2395 451 2445 Hac
475 2391 647 2448 crudelitate
661 2394 852 2450 atrocissime
873 2396 975 2452 mortis
1030 2391 1189 2464 questibus
1204 2403 1355 2445 occurrere
1376 2386 1485 2443 ibidem
1500 2389 1529 2441 et
1543 2384 1572 2439 in
1597 2383 1700 2439 faciem
1715 2383 1852 2440 resistere

153 2479 323 2550 stupefactae
349 2486 452 2534 tenere
475 2478 576 2551 puelle
591 2486 619 2537 et
644 2480 976 2541 nobilissimsvestibus
1030 2480 1186 2555 disposuit.

155 2567 250 2622 ornari
267 2567 454 2636 festinabant,
471 2584 502 2623 se
527 2569 683 2624 offerentes
697 2570 807 2638 furcis,
824 2575 856 2626 ut
872 2570 976 2629 saltem
1031 2591 1097 2648 ω,
1114 2589 1199 2645 xm,
1213 2593 1247 2630 .'
1265 2587 1314 2644 pti
1328 2585 1385 2641 atae
1412 2593 1439 2640 et
1464 2584 1516 2640 elit
1529 2584 1643 2658 quidem
1661 2598 1806 2651 procerum
1819 2600 1855 2640 ex

156 2672 254 2713 amere
278 2654 463 2713 honestarum
492 2657 650 2714 formarum
677 2658 790 2716 accensi
817 2671 844 2718 et
861 2661 976 2735 placati,
1030 2663 1142 2719 nomiae
1155 2663 1298 2727 notanter,
1314 2657 1363 2731 qui
1376 2661 1442 2713 tunc
1461 2657 1572 2728 portitor
1585 2670 1638 2728 pro
1660 2656 1854 2727 occeperunt.

155 2744 271 2801 discant
285 2745 464 2816 captivarum
484 2747 627 2806 misereri.
1069 2752 1130 2807 Dux
1145 2752 1243 2804 autem
1259 2745 1443 2815 Godefridus,
1459 2745 1510 2817 qui
1525 2742 1606 2801 solus
1621 2760 1688 2800 oum
1703 2742 1853 2817 qninqua-

174 2835 241 2891 Cae.
258 2833 320 2891 XL.
336 2836 529 2892 *Denuntio
543 2836 668 2906 fidelium
681 2837 790 2895 cerea·
804 2838 957 2897 addacem.
1031 2839 1113 2913 ginta
1140 2836 1291 2896 sodalibus
1329 2835 1358 2892 in
1387 2834 1454 2908 equi
1480 2833 1629 2891 velocitate
1654 2840 1851 2907 precesserat,

192 2922 314 2979 Cnmsio
327 2923 977 2998 allicerenturlldeliumgreges,etBoemundi
1032 2925 1343 3002 subsequentispopuli
1357 2924 1388 2980 in
1402 2924 1623 2981 breviadunstis
1633 2923 1852 2990 uiribusindu·

155 3011 321 3083 virtusJam
340 3012 440 3069 minus
455 3013 712 3084 resisterevalerat‚
729 3032 762 3072 eo
777 3016 855 3088 quod
867 3033 902 3072 ex
920 3017 975 3074 im·
1031 3019 1158 3075 bitautar
1181 3018 1216 3073 ed
1237 3015 1329 3073 ardua
1344 3012 1452 3070 mentis
1468 3012 1647 3080 conscendit,
1663 3027 1730 3070 curn
1746 3012 1852 3069 'Porcia

155 3101 271 3173 proviso
284 3100 314 3157 in
330 3117 500 3174 saeuosque
516 3103 606 3159 armis
620 3108 722 3160 exutos
737 3105 976 3176 irruissent,jam·
1031 3109 1117 3165 ferire
1147 3111 1175 3162 et
1198 3105 1289 3161 armis
1313 3103 1504 3168 committere,
1520 3118 1593 3172 quoe
1617 3101 1808 3174 conglobatos
1822 3106 1853 3159 et

154 3206 213 3267 que
223 3192 259 3246 ud
275 3196 402 3263 quatuor
417 3191 509 3247 millia
519 3192 688 3249 deexercitu
699 3192 928 3251 Christianorum
944 3197 973 3252 in
1032 3196 1198 3254 immobiles
1213 3194 1249 3251 ad
1265 3193 1499 3250 resistendumin
1514 3193 1622 3247 montis
1638 3191 1742 3247 vertice
1757 3192 1852 3265 respi-

156 3298 245 3339 mauu
261 3281 552 3346 bostiliceoidissent,
562 3282 693 3337 muntius
706 3298 756 3354 per
766 3284 979 3356 abruptamou·
1030 3287 1133 3344 ciebat.
1149 3287 1274 3355 lamque
1289 3281 1419 3353 undique
1439 3280 1500 3337 suls
1510 3279 1633 3352 receptis
1647 3284 1676 3334 at
1690 3280 1851 3351 adjunctis,

155 3371 231 3427 tium
260 3371 322 3425 sine
351 3386 432 3425 murs
461 3385 537 3442 equo
566 3370 736 3439 transvolat,
765 3387 921 3445 quousque
943 3375 978 3430 ad
1030 3376 1129 3433 hostes
1159 3370 1323 3428 immobiles
1338 3369 1472 3434 incurrit,
1487 3369 1589 3425 bastae
1603 3367 1632 3423 in
1663 3383 1712 3425 eos
1738 3369 1849 3443 dirigit,

156 3463 252 3516 castra
268 3458 661 3515 ducistristisetexhaustus
676 3459 781 3530 spiritu
797 3462 978 3527 venit.Quem
1030 3462 1195 3533 sociosque,
1220 3468 1251 3515 ut
1275 3463 1441 3515 constanter
1469 3473 1518 3513 eus
1542 3457 1657 3524 adeant,
1686 3457 1763 3514 virili
1782 3474 1853 3515 voce

157 3548 191 3599 ut
218 3543 392 3599 Godefridus
422 3544 490 3610 dux,
516 3545 643 3599 aboatio
671 3545 851 3602 tabernaculi
880 3547 978 3620 aliquo
1029 3552 1211 3609 adhortatur.
1228 3548 1316 3605 Turci
1345 3564 1411 3603 vero
1436 3563 1502 3602 cum
1532 3548 1673 3604 ducosuo
1697 3546 1852 3620 solymano

159 3633 254 3704 spatio
283 3637 486 3704 transgressus
523 3634 559 3688 ad
590 3634 812 3691 considerandos
840 3639 979 3706 seclusa
1030 3636 1656 3697 ducisGodefridietauorumoonstantiem
1681 3652 1849 3710 nequaqum

157 3721 243 3794 longe
257 3722 403 3794 perspexit
418 3722 519 3793 rapido
530 3738 618 3779 cursu
634 3723 820 3782 festinantem
831 3731 860 3782 et
876 3731 979 3783 moesto
1029 3730 1127 3786 animo
1156 3729 1192 3785 ad
1222 3744 1349 3800 praseae
1377 3725 1487 3784 bellum
1514 3726 1635 3783 deficere
1662 3725 1806 3794 videntes,
1833 3745 1852 3784 a

157 3811 237 3868 vultu
269 3810 510 3884 pallentemque
539 3813 574 3869 de
603 3829 693 3870 cauea
716 3815 791 3870 riam
807 3817 980 3873 acceleravit
1030 3819 1138 3876 montis
1153 3817 1322 3874 summitate
1339 3817 1412 3872 laxis
1428 3815 1517 3871 frenis
1540 3832 1682 3887 equorum
1697 3815 1851 3874 velocitate

157 3900 281 3972 requirit
304 3905 334 3954 ut
360 3900 413 3956 sibi
440 3902 611 3975 caterisque
640 3903 807 3974 primoribus
832 3905 936 3961 referat
950 3909 980 3961 et
1030 3910 1129 3982 lugam
1145 3909 1339 3982 peractouos
1355 3908 1413 3962 dux
1427 3907 1475 3962 cia
1488 3921 1539 3963 sex
1552 3905 1722 3962 milliarium
1737 3906 1852 3963 insecu-

157 3988 347 4059 expouat.llic
364 4004 461 4045 amara
477 3991 611 4061 etgravia
628 3991 731 4046 nuntia
745 3991 845 4048 retulit
859 3993 977 4049 dicens:
1029 4003 1088 4066 tus,
1107 3998 1180 4055 aliua
1194 3998 1224 4053 iu
1239 3995 1850 4069 oregladiipercussit,uonnullcecaptivos

161 4098 171 4125 ⁸
190 4075 581 4150 Nostripriflclpescumipsl
595 4079 976 4150 Boemund⁰gr⁸vi⁸⁸imum
1029 4104 1095 4145 cum
1112 4087 1175 4144 suis
1190 4086 1444 4159 tenuitpraadaset
1460 4085 1679 4157 spoliaillorum
1690 4101 1747 4142 nou
1758 4101 1852 4157 pauca

158 4163 225 4219 belli
255 4162 384 4220 laborem
401 4166 559 4232 sustinent,
575 4166 738 4239 vulgusque
766 4183 891 4238 sequens
914 4171 976 4240 jam
1029 4173 1241 4248 cepit,puellas
1267 4175 1429 4244 etjuvenes
1458 4174 1680 4245 etnmnsquod
1702 4178 1851 4245 asportare

157 4254 249 4307 tolum
266 4251 423 4323 capitulum
441 4252 533 4309 subiit
553 4255 846 4327 sententiamque&
866 4257 976 4313 domini
1028 4264 1072 4320 vel
1093 4263 1238 4319 abducere
1253 4261 1407 4333 sperabant
1437 4261 1472 4316 ab
1489 4262 1623 4317 boslibus
1647 4271 1850 4318 excusserunt.

156 4339 587 4412 principesnostrlsuutoasuri
598 4343 978 4414 inpresensmisifestinalo
1029 4352 1175 4410 Gerendus
1191 4351 1348 4416 deltarum,
1366 4351 1393 4403 in
1410 4365 1482 4420 equo
1505 4349 1645 4406 laudabili
1661 4351 1806 4417 residens,
1819 4351 1849 4408 in

156 4445 263 4485 manus
277 4434 374 4485 vestra
389 4430 870 4504 subvenist.Turciquidemcastra
882 4441 977 4491 nostra
1030 4442 1130 4498 eadem
1147 4439 1276 4496 bostium
1293 4438 1484 4506 insecutione,
1514 4439 1542 4493 in
1558 4438 1716 4511 supercilio
1739 4442 1850 4496 montis

156 4520 335 4592 irruperunt,
352 4527 377 4574 ct
395 4520 573 4591 pervellem,
590 4539 653 4594 qum
669 4524 776 4580 dicitur
790 4523 918 4581 Ozellius
933 4524 976 4581 vel
992 4507 1014 4571 Ῑ)
1030 4528 1262 4585 adbuo'l'urcum
1270 4532 1435 4583 manentem
1448 4535 1473 4583 el
1482 4528 1604 4584 nimium
1616 4529 1772 4585 audentem
1781 4530 1851 4585 virr··

154 4608 305 4677 terribilis,
318 4608 570 4665 descendentesed
588 4611 691 4667 vallem
700 4611 881 4685 Degorganbf
892 4630 975 4685 pere·
1030 4618 1085 4673 bus
1102 4616 1270 4689 respiciens,
1283 4620 1366 4672 scuto
1381 4619 1476 4672 tectus
1493 4616 1604 4674 fortiter
1616 4617 1701 4675 basta
1712 4617 1849 4676 incurrit.

153 4699 256 4771 grinus
275 4698 421 4753 trucidare
434 4715 492 4753 nun
508 4705 632 4755 cessant,
652 4700 812 4758 ltoberturn
829 4702 975 4758 l’arisieu-
1030 4708 1120 4774 Quem
1137 4705 1244 4778 sagitta
1258 4704 1338 4761 illius
1354 4704 1502 4760 emissust
1516 4705 1615 4778 clypeo
1632 4703 1849 4777 excusantium

152 4804 214 4844 sem
231 4786 327 4859 capite
350 4787 447 4843 deciso
458 4789 519 4859 jam
535 4789 758 4858 interemerunt,
776 4789 973 4849 willhelmum
1024 4796 1111 4868 jecur
1124 4799 1154 4850 ot
1178 4794 1346 4867 pulmonem
1364 4793 1500 4866 perforat,
1515 4809 1681 4866 equumque
1697 4797 1850 4852 morientis

146 4879 284 4945 jnvenem
301 4877 460 4949 egregium,
499 4878 608 4933 sororis
634 4878 791 4934 Boemundi
807 4879 912 4945 filium,
929 4881 975 4936 di·
1029 4890 1058 4941 et
1072 4882 1197 4940 labentis
1211 4882 1340 4939 abduxit.
1357 4881 1553 4938 Baldawimus
1569 4900 1668 4941 comes
1696 4884 1851 4942 Hamaicc·

153 4981 244 5036 gnum
261 4964 392 5036 planctu,
410 4970 628 5038 percusserunt.
642 4967 675 5021 Et
692 4967 799 5023 idcirco
815 4985 865 5025 vos
879 4970 974 5026 omnis
1031 4990 1107 5040 rum,
1134 4973 1179 5028 vir
1192 4977 1221 5030 et
1247 4971 1368 5045 largitor
1387 4989 1560 5046 magnarum
1588 4974 1851 5047 eleemosynarum,

152 5053 255 5109 invitat
284 5055 408 5110 societas
425 5055 628 5111 adferendum
645 5055 798 5125 auxilium,
828 5059 975 5117 nullaros
1030 5079 1096 5119 cum
1112 5064 1238 5119 ltobcrto
1253 5062 1424 5119 flandrensi
1441 5063 1553 5120 'lurcos
1567 5064 1713 5137 fugientes
1728 5067 1850 5133 sternit;

153 5158 234 5197 mora
249 5147 300 5198 aul
316 5140 417 5198 dilatio
434 5143 576 5215 impediat
590 5151 640 5199 out
662 5147 799 5201 retardet.
816 5168 830 5197 u
1030 5151 1164 5209 bortatur
1196 5151 1302 5220 socios,
1327 5151 1556 5223 circumquaque
1582 5159 1791 5210 corrcurreutea
1820 5160 1852 5211 ut

150 5250 217 5306 pff,
232 5249 302 5306 χιι,
319 5279 352 5290 ..
369 5249 419 5307 ppt
433 5248 492 5305 aux
504 5253 531 5304 aa
545 5251 662 5320 quicum
676 5267 706 5307 00
721 5255 975 5313 mammemque
1030 5241 1136 5298 feriunt
1147 5249 1174 5297 et
1189 5242 1377 5311 trucident,et
1391 5242 1427 5298 ab
1446 5240 1629 5298 insecutione
1645 5242 1762 5300 illorum
1780 5261 1854 5300 nun·

463 5322 656 5393 pereuntibus.
1030 5347 1118 5404 quam
1145 5329 1284 5388 retardari
1313 5333 1364 5386 aut
1389 5347 1492 5387 meniis
1521 5332 1671 5388 continere
1684 5334 1849 5390 videantur.

187 5407 359 5465 llaoaudita
384 5407 545 5464 miseriaet
572 5409 732 5467 'lurcorum
760 5414 892 5482 audacia,
916 5415 975 5472 dux
1028 5418 1216 5476 baldewinus
1243 5419 1279 5476 de
1307 5419 1395 5491 Burg,
1419 5420 1545 5475 Thomas
1574 5420 1609 5476 de
1633 5420 1715 5478 Ferte
1742 5429 1850 5492 castro,

152 5496 974 5574 peruniversaagminajussitcornuaperstrepere‚socios
1028 5508 1188 5564 ltainoldus
1202 5507 1343 5574 Belaociu‚
1369 5506 1450 5564 Walo
1465 5509 1500 5564 de
1522 5507 1666 5578 calmont,
1682 5512 1849 5568 Gotbardus

152 5584 973 5665 commonereuniversosetarmacaperemignaerlgere,
1028 5597 1105 5653 illius
1134 5596 1293 5660 (iodel'ridi,
1323 5595 1432 5653 Gustus
1460 5596 1496 5652 de
1519 5598 1647 5665 Berdeia,
1674 5600 1849 5673 lladolpbue
