3788 6000
63 255 141 316 1001
561 254 656 316 virt
677 253 844 316 ALTERA
864 254 1049 318 AUCTORE
1070 257 1288 324 GALBERTO.
1698 271 1777 333 1002
1870 208 1873 213 Ι

65 393 164 463 pateat
188 389 327 446 omnibus
350 388 444 453 vobis,
470 388 539 460 quio
553 389 716 445 dominium
737 403 827 460 super
841 404 892 445 ves
905 393 936 458 Α
989 391 1049 446 100.
1068 392 1135 448 idus
1151 393 1257 465 Aprilis
1272 395 1467 469 subquarta,
1479 400 1681 457 confinxerant
1695 419 1777 461 men·

68 481 201 537 obtinere
224 495 282 534 non
307 495 415 551 quaero.
431 477 460 533 Si
482 495 550 550 ergo
574 477 678 551 placet,
706 494 802 534 coram
831 492 899 549 rege
953 481 1069 537 dacium
1085 484 1199 540 obsessi
1217 491 1310 542 morte
1325 488 1482 556 borsiardi,
1506 496 1651 561 quatenus
1676 498 1778 550 exorta

70 567 208 642 sepositis
229 568 320 624 ermis
349 567 568 639 conveniamus,
594 573 627 623 ut
649 567 799 639 judicetur
822 567 899 622 inter
953 569 1003 626 lite
1022 571 1099 628 inter
1113 573 1273 632 Roberlum
1289 583 1453 647 puerumet
1463 579 1571 650 ipsum,
1585 580 1682 652 gladio
1692 598 1775 639 occu·

68 662 187 715 nostros
205 662 234 714 st
249 666 371 714 vestros.
390 679 403 707 a
425 657 558 730 Cumque
584 657 698 714 linisset
723 657 897 724 orationem,
953 659 1066 716 buissel
1078 663 1227 732 trajectus,
1237 666 1438 723 existimantes
1447 668 1564 740 perbce
1575 670 1690 727 animos
1702 673 1779 744 prin-

65 749 262 805 asoenderuot
272 747 358 803 simul
373 763 472 803 coram
484 762 549 819 rege
560 751 588 803 et
598 747 752 819 compositi
762 752 832 803 sunt
842 747 898 802 ite·
953 749 1780 828 cipumaseveritatemitigari,netantcluroreinvaderent

68 850 136 893 rum
152 836 209 893 srde
224 844 253 892 et
268 836 399 892 amicitia
414 837 450 892 ad
467 836 590 891 invicem
605 838 680 892 sieut
697 836 788 909 prius.
954 837 1101 910 deinceps,
1118 840 1193 897 sieut
1209 845 1290 914 prius
1301 865 1309 915 ;
1321 851 1349 901 et
1365 847 1468 903 aturri
1482 849 1777 907 evocabantmortem

382 942 499 999 capue
511 943 582 1000 xlv,
954 929 1192 1002 borsiadi,quem
1207 935 1344 990 mendose
1355 936 1557 996 diffamabant.
1569 937 1624 994 Alii
1635 956 1777 996 eumeva·

69 1032 179 1091 Obsidio
194 1040 330 1105 promoto.
344 1032 493 1088 Solarium
509 1033 604 1103 leuipli
620 1040 793 1103 occupatum.
813 1031 898 1087 Vana.
954 1019 1029 1075 sisse
1046 1023 1226 1078 asserebant.
1245 1029 1305 1090 Quo
1320 1026 1489 1094 audito,rex
1502 1030 1778 1101 percepitobscssos

233 1105 306 1161 rotie
320 1106 439 1174 sepulcri
457 1107 489 1159 Β.
508 1105 599 1160 Caroli
614 1105 734 1160 comitis.
955 1108 1021 1165 illos
1034 1111 1096 1180 jam
1113 1111 1246 1168 diitidere
1256 1113 1324 1182 sibi,
1336 1114 1438 1171 timore
1449 1121 1478 1172 el
1486 1118 1631 1174 anxietate
1642 1120 1776 1190 deficere,

105 1194 150 1249 98.
167 1195 302 1250 Secundo
319 1195 387 1249 idus
404 1194 513 1266 Aprilis
528 1193 602 1248 lerio
614 1194 710 1262 tertia,
728 1209 777 1248 rex
788 1192 818 1246 in
832 1191 900 1246 dor-
953 1199 1158 1272 constantique
1172 1202 1270 1257 animo
1285 1203 1376 1258 edixit
1391 1209 1423 1259 ut
1439 1204 1546 1262 milites
1563 1207 1606 1262 sui
1625 1225 1656 1263 se
1678 1226 1777 1266 arma·

69 1284 355 1340 mitoriumiratrum
366 1300 432 1338 oum
442 1279 900 1354 prudentioribuselcensiliariis
955 1293 1019 1343 rant
1034 1295 1062 1344 at
1080 1288 1251 1347 invaderent
1263 1293 1417 1363 templum.
1428 1295 1509 1359 Quod
1525 1296 1708 1354 ideoiaetum
1722 1303 1778 1366 est,

66 1373 129 1429 suis
143 1373 317 1430 oonscendit
333 1373 519 1429 considerate
532 1375 693 1443 praenotare
705 1371 733 1426 in
747 1386 806 1442 qua
819 1373 900 1442 parto
954 1381 987 1430 ut
1002 1376 1031 1431 io
1045 1393 1203 1449 congressu
1220 1378 1268 1435 illc
1283 1380 1451 1439 deficientes
1467 1387 1495 1439 et
1509 1382 1621 1452 lassati,
1635 1385 1663 1440 in
1680 1390 1778 1458 poste·

65 1463 219 1534 ingeniose
227 1478 399 1535 aggressum
414 1462 660 1533 praesignarentin
671 1459 821 1532 templum.
835 1462 901 1515 tlrot
955 1480 1018 1520 rum
1034 1466 1147 1522 obsessi
1164 1467 1205 1522 illi
1224 1484 1280 1523 non
1301 1471 1431 1525 vaierent
1445 1473 1532 1528 toties
1547 1477 1590 1528 tot
1603 1474 1733 1531 assultus
1749 1477 1779 1531 et

66 1567 198 1623 namque
214 1551 376 1607 dormitorii
392 1552 497 1606 domus
518 1551 656 1620 adjuncta
680 1549 798 1621 templo.
816 1550 855 1603 ita
871 1554 902 1604 ut
954 1554 1120 1611 invasiones
1129 1556 1284 1627 sustinere,
1294 1559 1344 1614 sed
1360 1561 1454 1631 magis
1465 1562 1564 1618 cadere
1575 1568 1603 1618 et
1614 1563 1707 1620 locum
1719 1564 1778 1620 vic·

70 1640 259 1714 ingeniorum
271 1641 467 1697 instrumenta
479 1643 715 1711 praepararentur
725 1640 753 1695 in
766 1638 828 1707 ilia,
839 1637 900 1709 qui·
954 1644 1032 1700 toriae
1048 1645 1213 1702 christianae
1233 1647 1375 1703 catholico
1396 1650 1456 1722 regi
1469 1651 1779 1708 Ludowicoetmiliti·

68 1733 123 1788 bus
139 1730 279 1802 parietem
297 1729 399 1799 templi
417 1728 626 1800 pertunderent
641 1734 670 1783 et
696 1726 899 1799 ingredientur
913 1759 937 1824 B
956 1735 1010 1790 hus
1026 1736 1088 1790 auia
1102 1737 1182 1791 dare.
1195 1737 1263 1792 Erat
1277 1737 1396 1809 quidem
1414 1739 1442 1793 in
1459 1741 1611 1798 obruendo
1627 1742 1780 1814 lapideset

68 1821 104 1876 ad
114 1818 477 1888 obsessosNamqueeum
489 1817 530 1873 illi
541 1817 640 1873 miseri
650 1814 896 1886 interioratempii
952 1820 1094 1877 mittendo
1106 1823 1214 1891 jacula,
1232 1824 1368 1897 utrinque
1378 1826 1475 1896 gravis
1488 1843 1643 1899 aggressus
1658 1846 1675 1884 a
1688 1827 1776 1885 meri·
1862 1839 1866 1861 ²

68 1909 200 1965 obtinere
216 1924 273 1964 noo
291 1911 433 1979 poterant,
453 1907 560 1978 gradus
576 1906 685 1978 quibus
699 1906 728 1961 in
757 1904 897 1961 solarium
952 1910 999 1966 die
1013 1928 1106 1983 usque
1122 1913 1151 1966 in
1168 1929 1329 1985 vesperam.

71 1998 287 2064 ascenderetur,
299 1996 387 2068 tignis
403 2000 431 2051 et
450 1996 600 2069 lapidibus
625 1998 841 2063 obstruxerant,
865 1996 898 2049 ut
988 2001 1050 2055 101.
1066 2000 1128 2065 Quo
1145 2002 1191 2057 die
1207 2018 1255 2057 rex
1272 2003 1383 2074 accepit
1399 2002 1493 2062 claves
1522 2022 1538 2061 a
1562 2008 1670 2064 decano
1696 2007 1778 2064 Helie

70 2087 172 2144 nullus
186 2085 343 2142 ascendere
358 2084 403 2141 vei
418 2085 473 2155 ipsi
491 2085 668 2141 descendere
682 2088 811 2156 possent,
831 2088 896 2138 tan·
952 2090 988 2145 da
1002 2091 1169 2147 sanctuaria
1184 2091 1319 2149 saalaaiae
1337 2093 1369 2150 Β,
1389 2093 1570 2164 christofori,
1586 2113 1620 2153 00
1636 2098 1714 2169 quod
1727 2114 1778 2154 aa.

69 2177 294 2233 tummodosese
305 2174 435 2231 osolarie
446 2178 474 2230 et
487 2175 620 2230 turribus
634 2173 897 2245 templidelendere
952 2184 1076 2235 casatus
1087 2180 1112 2236 ei
1130 2180 1226 2235 iuerat
1236 2180 1391 2239 thesaurus
1401 2183 1517 2239 comitis
1529 2184 1664 2242 Caroliin
1675 2187 1778 2245 eodem

67 2272 218 2325 conantes.
232 2267 309 2321 Inter
324 2264 478 2320 columnas
493 2264 602 2336 quippe
618 2263 716 2320 solarii
736 2262 897 2335 subsultet
952 2269 1122 2326 sanctuario
1139 2270 1229 2326 luisse
1245 2271 1403 2342 repositus.
1418 2272 1451 2327 itt
1466 2290 1533 2329 eum
1554 2274 1704 2331 introisset
1719 2293 1779 2345 rex,

67 2351 895 2426 slatussuosexscriniorumaggeribusetcumulissca·
952 2359 1027 2415 nihil
1044 2364 1149 2432 prater
1173 2368 1339 2417 sanatorum
1363 2358 1502 2433 reliquiae
1527 2363 1649 2422 invenit,
1672 2364 1780 2422 vorum

67 2446 213 2502 minorum
224 2446 470 2518 pr⁰⁸lil⁰ssfflssb⁰
487 2442 595 2515 quibui
606 2442 732 2515 lapides·
745 2441 896 2512 plumbum
952 2449 1126 2521 quippeiuit
1135 2465 1261 2521 cuppam
1270 2453 1778 2524 arrreamcumsuooperouloetcan-

68 2543 96 2594 et
111 2551 210 2591 rerum
227 2533 318 2589 moles
334 2532 496 2602 dejicerent
511 2547 600 2604 super
615 2531 766 2587 invasores
782 2527 895 2603 tempii.
952 2554 1032 2605 nam,
1049 2538 1162 2594 scilicet
1177 2542 1333 2611 argentum
1348 2556 1399 2596 vas
1412 2539 1569 2610 vinarium,
1585 2543 1776 2615 praepositum

71 2625 105 2680 In
121 2624 193 2680 turri
209 2639 327 2695 quoque
338 2624 551 2694 consequenter
562 2638 618 2690 pre
632 2620 743 2676 iuribus
754 2619 895 2676 fenestra·
951 2628 987 2682 da
1003 2627 1106 2698 rapina
1122 2628 1238 2684 comitis
1253 2645 1269 2683 a
1285 2629 1441 2702 nepotibus
1456 2629 1519 2686 suis
1533 2632 1618 2703 quasi
1634 2649 1685 2704 pro
1701 2632 1778 2691 dono
1863 2632 1868 2639 '

69 2731 138 2770 rum
154 2718 252 2786 tapeta
267 2721 292 2768 et
309 2713 445 2769 culcitras
465 2711 691 2783 suspenderant,
708 2726 744 2765 ne
765 2710 855 2765 lunda
869 2710 898 2763 et
952 2717 980 2771 in
999 2717 1154 2788 partitione
1170 2716 1280 2788 rapinae
1294 2718 1451 2790 accepisse,
1468 2723 1495 2775 et
1510 2720 1610 2777 eadem
1627 2739 1697 2778 vasa
1720 2738 1773 2793 pro

69 2803 218 2860 arbalistis
234 2802 306 2875 (l89)
321 2801 442 2858 forsitan
464 2805 683 2873 percuterentur
706 2797 896 2866 intrinsecus,
951 2805 1046 2861 aaiuta
1058 2807 1162 2861 anima
1172 2822 1232 2862 aua
1243 2806 1278 2860 ad
1291 2822 1407 2877 operam
1421 2806 1549 2864 aaaiaaia
1556 2808 1773 2867 Daaabtuliaaa

70 2888 895 2963 cumturrisatorisaggrederelur.insupremaquidem
951 2894 1775 2969 Cumergoobsidiofieret,stiratresreiiqoiasetferetra

72 2981 197 3038 turrium
212 2997 277 3037 arce
292 2982 409 3036 stabant
424 2979 555 3036 tortiores
568 2980 690 3050 juvenes
698 2980 896 3047 obsessorum,
952 2988 1121 3039 sanctarum
1140 2987 1262 3038 acastre
1272 2982 1415 3050 afferrent,
1431 2984 1460 3039 ia
1472 2985 1599 3056 quodam
1610 2985 1715 3042 scrinio
1728 2986 1778 3044 itta

71 3075 122 3145 qui
133 3070 257 3129 molares
268 3071 379 3144 lapides
391 3077 550 3126 sternerent
560 3087 649 3142 super
659 3068 893 3126 discurrentesio
955 3072 1014 3126 duo
1029 3087 1100 3126 vasa
1115 3075 1226 3127 secreto
1239 3081 1267 3125 et
1293 3071 1347 3125 sub
1372 3070 1561 3127 simulatione
1588 3073 1777 3145 reliquiarum

73 3167 187 3218 curtem
203 3161 303 3217 castri.
326 3163 420 3233 Atque
445 3160 486 3215 sie
510 3158 714 3215 inordinaliter
738 3159 767 3213 in
790 3155 899 3229 templo
918 3130 1125 3216 Csanctarum
1138 3158 1274 3231 imposita
1289 3158 1450 3216 extulerant
1467 3160 1574 3232 pariter
1589 3178 1654 3219 curn
1667 3165 1780 3222 ceteris

78 3253 128 3308 Dei
143 3249 287 3307 ordinatis
302 3251 388 3305 rebus
404 3249 477 3318 suis,
494 3248 700 3321 exspectabant
720 3246 822 3302 mortis
842 3262 901 3301 sote
955 3248 1279 3321 reliquiissenctorum,
1290 3254 1377 3320 atque
1388 3249 1693 3306 custodiendumiltud
1707 3253 1779 3308 sori·
1832 3250 1841 3267 '

77 3339 263 3410 doem,nibil
283 3339 449 3395 reverentiae
469 3343 497 3393 at
517 3337 636 3394 honoris
657 3336 831 3394 conferendo
853 3336 902 3390 be·
956 3335 1781 3413 niumcommendavitdecanuspraelatuscuidamsimpli·

80 3435 129 3486 elo
146 3427 251 3498 lunari,
268 3428 346 3500 quod
361 3427 390 3483 io
403 3426 509 3483 solario
519 3426 595 3482 inter
607 3426 687 3499 ipsos
698 3426 848 3498 sepultum
857 3423 903 3496 ja·
955 3429 981 3486 ei
993 3427 1161 3500 presbytero
1174 3425 1303 3498 liegarde
1315 3426 1343 3481 in
1355 3426 1475 3483 eeclesia
1486 3429 1601 3484 Domini
1611 3429 1779 3504 salvatoris,

78 3521 173 3586 cebet,
187 3523 292 3591 preter
303 3515 903 3586 bocsolumquodvixdominumsuumre·
956 3518 1104 3589 signatum
1121 3516 1177 3572 sub
1188 3516 1372 3573 veneratione
1383 3517 1626 3590 dignissimarum
1643 3519 1783 3593 reliquia·
1880 3568 1885 3573 .

78 3605 689 3682 cognoscentes,quemtradiderant,ejusad
699 3609 904 3677 caputcereum
957 3624 1035 3663 rum.
1053 3606 1134 3671 Quod
1150 3605 1268 3676 quidem
1280 3606 1422 3662 scrinium
1436 3624 1525 3678 quem
1537 3609 1638 3665 devota
1649 3608 1697 3665 ille
1710 3611 1781 3666 sim-

79 3700 275 3773 praefigerent,
291 3699 341 3770 qui
357 3698 475 3753 assidue
490 3696 518 3752 in
534 3696 674 3753 bonorem
690 3695 757 3750 boni
775 3692 905 3750 consulis
959 3697 1022 3769 plcx
1038 3696 1175 3751 sacerdos
1196 3697 1367 3767 susceperit,
1379 3700 1407 3750 et
1424 3699 1516 3767 posito
1528 3714 1560 3753 eo
1571 3699 1601 3754 in
1613 3700 1782 3756 sanctuario

78 3791 196 3848 sederet
210 3805 228 3844 a
243 3789 289 3844 die
305 3787 467 3844 obsidionis
483 3786 587 3857 primo,
606 3801 697 3857 usque
713 3785 747 3839 ud
760 3782 835 3840 diem
848 3799 906 3855 quo
960 3801 1059 3858 preces
1074 3783 1221 3853 effuderit,
1238 3790 1326 3855 atque
1341 3783 1444 3839 animae
1460 3802 1519 3840 sure
1545 3786 1669 3843 salntem
1695 3790 1782 3860 depo-

76 3879 294 3950 introgressum
305 3881 349 3932 est
357 3876 497 3932 violenter
507 3876 541 3930 ad
555 3876 644 3947 ipsos.
657 3874 729 3929 Nam
744 3872 868 3928 lerinam
879 3876 907 3926 et
960 3873 1096 3947 posuerit,
1107 3872 1286 3928 testantibus
1302 3873 1546 3946 compresbyteris
1560 3875 1678 3947 quidem
1691 3877 1783 3932 eccle·

74 3966 457 4040 leguminaoirealombam
469 3961 907 4034 comitisreposuerant,quibus
960 3963 1009 4019 siae
1027 3960 1213 4017 menifestum
1230 3960 1294 4031 luit,
1310 3963 1448 4033 omnique
1465 3968 1550 4018 nocte
1576 3963 1722 4032 candelas,
1734 3979 1785 4021 ce·

76 4049 905 4129 quotidieinusussuosassumptisvilamcontinuabant.
961 4068 1025 4107 reos
1041 4053 1069 4105 et
1086 4048 1245 4105 luminaria
1257 4053 1287 4105 et
1300 4047 1451 4121 lampades
1462 4066 1602 4107 accensas
1617 4052 1785 4124 preposuit,

114 4145 158 4202 99.
175 4145 305 4216 Cumque
321 4161 369 4200 rex
382 4149 411 4199 et
422 4141 469 4198 sui
485 4141 645 4198 studiosius
670 4140 858 4211 exquirerent
880 4140 910 4194 et
963 4157 1019 4197 non
1035 4139 1106 4195 satia
1123 4153 1154 4194 se
1170 4140 1302 4195 venerari
1318 4139 1458 4211 reliquias
1471 4138 1538 4195 illas
1553 4156 1639 4213 posse
1652 4143 1785 4199 credens.

78 4235 292 4308 presignarent
301 4234 398 4291 locum
405 4232 598 4304 pertundendi
608 4228 910 4301 templum,Robertus
963 4231 1071 4286 Revera
1081 4228 1152 4284 satis
1164 4228 1305 4284 Sacerdos
1318 4227 1365 4284 iile
1376 4233 1586 4301 promeruerat,
1597 4235 1702 4288 utcum
1714 4249 1788 4289 novo

81 4316 911 4398 puerperonamieneslrarumtemplieaputelierenslo-
964 4318 1061 4375 comiti
1081 4320 1273 4376 redderentur
1297 4336 1367 4377 vaso
1391 4320 1452 4390 illu,
1477 4322 1567 4378 semel
1592 4326 1642 4378 aut
1665 4321 1730 4395 plus
1754 4337 1790 4378 ex

78 4415 226 4487 quebatur
241 4413 389 4469 militibus
409 4414 499 4484 regis,
512 4412 670 4466 obsecrans
685 4426 746 4478 eos,
764 4418 792 4464 ut
816 4409 911 4463 inter·
965 4410 1076 4466 eisdem
1091 4409 1169 4465 vasis
1186 4411 1338 4482 presbyter
1354 4410 1401 4467 ille
1417 4411 1527 4467 bonum
1539 4412 1641 4467 vinum
1656 4413 1787 4469 bibisset.

77 4503 176 4560 nuntii
193 4505 258 4574 ejus
285 4504 379 4558 ierant
405 4503 440 4558 ad
465 4517 572 4574 regem,
596 4499 747 4554 humiliter
771 4497 907 4569 inquiens
923 4494 945 4559 D
963 4496 1145 4569 Huncigitur
1157 4496 1328 4553 thesaurum
1341 4515 1535 4570 rexquaerens
1546 4501 1787 4573 circumquaque,

79 4591 321 4662 omnejudicium
334 4590 587 4662 principumlerrae
597 4586 907 4653 cibarcnum,domini

77 4680 126 4738 sni
137 4681 214 4753 regis
225 4679 297 4736 velle
309 4680 459 4748 subire,ut
469 4681 499 4734 in
512 4679 574 4750 lege
587 4681 717 4749 ipsorum
731 4675 832 4733 merito
846 4690 905 4731 sue

82 4769 292 4837 excusationis,
309 4770 464 4825 nutrivere
479 4770 764 4840 promereretur,aut
775 4764 907 4838 supplico

80 4858 294 4925 damnationis,
306 4858 332 4914 si
345 4874 376 4914 se
387 4875 444 4913 non
457 4861 621 4924 excusaret,
632 4853 832 4910 exterminari.
847 4853 908 4908 Neo

80 4946 160 5004 ullus
174 4947 328 5003 bominum
345 4964 437 5004 ausus
451 4951 495 5003 est
509 4944 760 5001 internuntiorum
777 4942 865 4998 verba
878 4941 907 4997 in

78 5034 160 5108 regis
176 5035 361 5105 presentiam
377 5034 516 5108 proferre,
533 5038 593 5089 tom
605 5029 909 5102 graviterindignotus

77 5132 122 5182 est
137 5142 186 5180 rex
202 5123 270 5181 illos
285 5125 440 5180 traditores
456 5123 499 5179 vel
517 5121 605 5178 etiam
633 5121 738 5177 videre.
763 5117 908 5175 Ceterum

79 5214 159 5270 cives
171 5213 263 5270 nostri
272 5220 301 5269 el
311 5211 419 5268 milites
431 5213 505 5283 regis
514 5219 541 5266 et
553 5209 681 5267 universi
694 5208 744 5281 qui
755 5208 911 5264 audierant

82 5318 174 5375 quom
191 5302 296 5358 humili
312 5303 442 5358 oratione
457 5304 606 5357 exorasset
617 5297 736 5370 juvenis
756 5297 909 5354 dominum

81 5408 193 5464 regem,
210 5393 240 5447 io
253 5391 397 5464 lacrymas
409 5391 465 5446 lusi
476 5388 687 5445 condoluerunt
699 5385 736 5455 ei,
748 5387 910 5458 imprecan-

79 5486 127 5539 tes
143 5496 195 5554 pro
211 5497 244 5537 eo
258 5480 371 5536 domini
387 5479 630 5537 misericordiam.

963 4587 1083 4642 miserat
1099 4586 1321 4658 investigatores
1337 4592 1365 4641 cl
1381 4586 1576 4654 insidiatores,
1594 4589 1643 4658 qui
1665 4588 1789 4643 latenter

964 4675 1137 4731 thesaurum
1160 4674 1253 4731 Caroli
1280 4675 1394 4731 comitis
1420 4675 1629 4748 recolligerent,
1655 4675 1788 4748 nihilque

965 4763 1119 4836 superbae
1135 4763 1265 4835 proiecit.
1278 4761 1359 4818 Unde
1375 4780 1424 4819 rex
1440 4764 1528 4819 etiarn
1544 4765 1703 4821 liebertum
1715 4779 1787 4836 pue·

966 4869 1032 4909 rum
1047 4852 1175 4909 secundo
1190 4852 1236 4907 die
1251 4855 1319 4907 eote
1329 4850 1494 4910 discessum
1506 4868 1594 4908 suurn
1607 4853 1684 4925 apud
1697 4853 1789 4910 Fran·

966 4941 1041 4999 eiam
1058 4941 1182 5014 flagellis
1197 4956 1304 4996 cesum
1320 4941 1427 5014 coegit,
1443 4946 1476 4998 ut
1486 4942 1511 4998 si
1523 4941 1591 5013 quid
1603 4943 1639 4998 de
1651 4942 1788 5000 thesauro

968 5031 1161 5101 meminisset,
1177 5029 1244 5102 quis
1260 5033 1372 5101 partem
1389 5029 1518 5102 aliquam
1534 5030 1706 5102 possideret,
1728 5031 1791 5106 regi

968 5119 1127 5175 intimaret.
1148 5119 1240 5189 Cujus
1254 5119 1439 5175 accusatione
1454 5120 1555 5175 eodem
1572 5119 1617 5176 die
1629 5138 1726 5179 comes
1740 5138 1791 5178 no·

969 5225 1024 5264 vus
1052 5213 1080 5263 et
1104 5223 1153 5264 rex
1177 5207 1369 5263 obtinuerunt
1391 5224 1461 5263 vasa
1488 5209 1635 5280 predicta,
1660 5211 1736 5266 sicul
1761 5212 1793 5265 in

970 5294 1165 5368 subsequenti
1177 5294 1282 5350 dicturi
1297 5312 1412 5352 sumus.
1428 5296 1484 5352 atii
1494 5297 1681 5354 obsessorum
1694 5314 1794 5354 evoco·

970 5391 1075 5442 verunt
1090 5384 1277 5441 borsiardum
1295 5385 1455 5457 aul‘ugiese,
1472 5394 1502 5443 ut
1513 5387 1568 5445 sub
1581 5386 1630 5443 illo
1642 5387 1794 5446 mendacio

969 5474 1087 5548 parcius
1106 5475 1363 5548 impugnarentur.

118 5587 196 5660 (189)
211 5586 360 5644 Arbaitate'a
377 5586 462 5659 quasi
477 5584 668 5655 arcubaliatia,
686 5583 752 5641 bine
765 5581 876 5641 Gallica
889 5598 945 5642 vox
959 5583 1095 5652 Aristeu,
1110 5598 1196 5641 arcus
1212 5583 1376 5641 instructus
1391 5600 1479 5658 scapo
1492 5599 1545 5641 seu
1568 5584 1686 5643 balista.

225 5702 357 5769 samoe.
377 5682 511 5766 onnvr'.

1613 5703 1662 5759 Ὦ
