3796 6000
45 241 136 305 iera.
315 227 453 297 osaea
471 198 729 294 renarrans.
752 251 792 277 .-
812 222 979 289 narina
1000 223 1482 294 nierarrca-nrmnmau.
1677 232 1756 298 arra

47 396 150 468 sionis,
162 411 252 469 quam
266 390 544 452 Salvatortlbristua
559 405 611 465 pra
627 388 871 462 amnibosgnata·
884 386 912 456 Α
927 386 979 459 qui
994 386 1101 446 circuit
1131 403 1265 462 quarens
1279 404 1366 462 uuam
1381 389 1507 447 devaret.
1523 390 1568 447 Ad
1584 389 1645 447 hcc
1668 391 1760 465 igitur

46 490 140 558 verat,
156 481 390 543 reddiditsidam
405 480 560 550 salvatori,
572 484 599 537 at
610 480 695 553 cujus
710 476 874 550 exemplam
930 477 1121 536 tabernacola
1135 479 1439 553 construenda,prima
1454 480 1501 538 die
1508 480 1637 538 sumitur
1645 481 1759 540 iruatuc

46 580 214 653 sequuntur
229 588 332 631 omnes
346 572 406 629 alii.
418 568 790 628 Similiterinnumerabilis
803 566 874 625 orda
930 567 1043 625 arboris
1056 568 1270 643 pulcherrime,
1282 569 1311 626 id
1322 570 1467 643 estprima
1482 570 1529 629 die
1539 569 1756 629 celebraturln·

48 659 533 734 amniumdaotarumglorillcatar
543 660 599 718 sub
610 659 727 717 namins
739 655 877 715 uniosdi·
931 657 1060 716 carnalia
1087 658 1206 732 Christi,
1222 660 1272 734 qui
1293 676 1380 718 carne
1403 665 1432 718 et
1454 661 1598 736 sangnine
1617 677 1682 732 auo,
1707 661 1758 736 qni

47 757 114 815 lecti
129 755 245 814 Christo
261 752 449 827 loannis‚qoi
461 750 612 824 apostolus
622 748 800 823 evangelista
815 745 875 821 pri·
931 751 1001 804 sunt
1015 747 1128 806 tructus
1144 749 1209 807 vite
1223 753 1340 820 nostra,
1362 767 1415 808 nos
1430 751 1605 824 pascit.lpsa
1619 752 1698 810 enim
1713 755 1760 811 eat

48 862 115 904 mue
130 845 335 918 etproecipuus
348 837 877 898 doctorestllcclesiarumlonumera
931 837 1018 895 arbor
1032 841 1138 896 nostre
1166 837 1283 908 salutis,
1300 854 1360 912 que
1375 840 1405 896 in
1431 840 1526 913 prima
1551 841 1664 915 psalmo
1684 845 1714 901 et
1727 841 1758 901 in

48 926 881 1010 quaquemultitudoamniamsubjectoromildeliurncom·
931 926 1110 1002 Apocalypsi
1125 928 1518 1003 describitnrsuperiiuenta
1531 935 1759 1004 aquarum.Past

49 1026 250 1085 memorantur
266 1021 321 1077 sub
335 1018 622 1076 naminelnlentium
643 1022 673 1075 et
690 1016 876 1087 lactentium,
931 1016 1166 1090 assumptionem
1182 1017 1504 1091 arbarispulcberrimre
1515 1021 1758 1080 assumunturad

50 1116 99 1192 qai
109 1131 164 1172 sua
180 1110 350 1169 innocentio
361 1109 423 1183 lam
434 1108 696 1183 praeimaginabant
710 1104 876 1179 simplicem
932 1106 1180 1164 constructionem
1196 1107 1452 1168 tabernaculorum
1467 1114 1496 1168 et
1510 1112 1634 1184 spatulae
1645 1112 1757 1184 palma·

50 1207 137 1263 iidem
152 1205 310 1276 iustorum.
933 1211 1010 1268 rum,
1026 1194 1080 1253 boc
1096 1199 1141 1253 est
1155 1200 1223 1269 past
1237 1196 1462 1256 celebrationem
1479 1201 1540 1257 nali
1555 1200 1712 1259 salvatoris
1720 1202 1758 1261 ad

87 1292 159 1362 Quia
171 1291 263 1366 igitur
274 1293 374 1348 sanata
385 1289 436 1346 lici
450 1287 737 1360 Ecclesiasiautjam
748 1284 876 1344 inldam
932 1285 1218 1343 consummationem
1247 1285 1510 1346 ecclesiasticorum
1529 1290 1665 1348 ordinum
1680 1292 1758 1350 cele·

50 1384 215 1458 partaveral
226 1381 383 1453 imaginem
398 1378 518 1449 terreni,
530 1377 571 1434 ita
582 1381 611 1434 et
626 1393 705 1434 nuno
716 1376 745 1432 in
760 1374 877 1433 cbristo
932 1376 1056 1433 braniur
1075 1379 1105 1433 et
1119 1391 1233 1434 corones
1246 1376 1472 1437 victoriosorum
1488 1385 1661 1454 martyrum,
1677 1381 1755 1456 qood

53 1478 148 1547 portat
163 1471 321 1541 imaginem
337 1467 464 1526 caelestis
477 1484 483 1524 :
496 1471 525 1524 et
536 1482 599 1538 ques
614 1467 645 1524 in
660 1466 756 1540 primo
771 1464 876 1535 iidem,
932 1465 1759 1545 innuiturincommemorationeprotomartyrisipsarom‚

51 1564 177 1638 quierat
191 1561 315 1617 deterre
325 1564 472 1625 terrenus,
482 1557 618 1614 sordebat
633 1555 876 1628 terrena,nnncin
932 1554 1041 1614 Deinde
1056 1561 1249 1613 assumuntur
1261 1555 1336 1613 rami
1346 1555 1417 1628 ligni
1429 1558 1584 1616 densarum
1598 1560 1760 1633 frondium,

53 1652 182 1712 secunda
197 1651 289 1708 Adam
307 1649 358 1722 qui
374 1649 409 1704 ds
424 1647 495 1705 coelo
510 1646 639 1704 coelestis
653 1644 877 1716 venit,ccelestis
932 1644 962 1702 id
979 1652 1024 1704 est
1038 1646 1174 1705 doctores
1195 1646 1246 1720 qui
1262 1647 1297 1704 de
1310 1647 1374 1720 ipso
1392 1647 1572 1721 Christo,qoi
1587 1658 1630 1707 est
1645 1650 1759 1724 lignum

56 1744 134 1800 lacta
149 1744 205 1812 est,
217 1740 321 1796 merito
334 1738 363 1794 in
375 1737 465 1795 natali
477 1736 581 1814 capitis
591 1735 636 1793 sui
646 1734 879 1794 leliaiaeoelestia
896 1753 920 1820 B
936 1738 1000 1796 vite
1015 1753 1083 1795 cum
1104 1736 1260 1812 multiplici
1275 1738 1409 1796 doctrina
1422 1738 1566 1808 veritatis,
1588 1741 1671 1814 quasi
1686 1741 1762 1800 rami

54 1832 187 1890 amnium
197 1829 397 1887 membrorum
408 1844 529 1886 auarum
541 1826 671 1885 natalitia
685 1823 879 1895 concelebrat,
936 1843 1004 1886 cum
1020 1827 1120 1886 densis
1136 1826 1291 1887 frondibus
1306 1828 1546 1903 progrediuntur,
1562 1831 1640 1904 quad
1655 1831 1762 1905 imagi·

56 1930 87 1980 at
102 1921 193 1978 tatius
204 1917 533 1991 ecclesiasticiaarparie
544 1914 728 1974 nativitaaad
742 1918 880 1972 aternam
936 1923 1025 1975 natur
1040 1916 1069 1973 in
1086 1914 1229 1976 solemnia
1253 1918 1331 1976 beati
1353 1918 1478 1977 loannis
1495 1919 1606 1978 summi
1623 1919 1762 1981 doctoris.

54 2012 144 2068 ritem
160 2008 249 2067 simui
266 2007 482 2066 solemnizetur.
498 2006 572 2063 Nam
583 2005 672 2062 etiam
687 2004 766 2062 banc
779 2003 882 2075 buJue·
935 2006 1221 2081 Sequuntursalices
1236 2009 1424 2080 deterrente,
1440 2025 1503 2083 qum
1517 2011 1650 2083 quamvis
1665 2009 1764 2068 iniro·
1868 1976 1882 2073 Ι,

56 2101 135 2159 madi
146 2099 328 2157 nativitatem
340 2094 628 2154 tatiosecclesiaetici
642 2094 771 2167 carparis
782 2092 882 2151 divina
936 2104 1042 2157 clueas
1057 2098 1129 2166 sint,
1145 2098 1283 2156 frondent
1312 2102 1408 2156 tamen
1431 2104 1460 2155 et
1478 2098 1584 2171 virent,
1612 2117 1676 2176 que
1690 2103 1764 2159 sunt

56 2191 103 2249 lex
118 2189 209 2264 Moysi
221 2185 673 2261 subtigurainnuit,qnaaamnia
687 2183 822 2242 Ecclesia
833 2200 881 2241 sa·
935 2187 1071 2262 vulgares
1089 2187 1459 2262 plebicule‚quesliaetin
1477 2191 1764 2264 mundapcsitre,vix
1819 2254 1821 2258 Α
1874 2248 1878 2255 ,

56 2285 208 2338 crementa
222 2281 387 2351 continens,
398 2279 470 2334 dom
480 2277 571 2332 trium
582 2273 881 2348 calamitatumque
938 2277 1032 2336 ullum
1045 2277 1169 2352 justitias
1185 2278 1311 2335 fructum
1327 2278 1530 2348 leraot‚taman
1546 2281 1648 2339 vivunt
1659 2285 1688 2339 al
1703 2280 1765 2339 sal·

56 2372 212 2445 precipuas
225 2368 256 2425 in
272 2384 349 2425 anna
365 2366 559 2434 celebrantur,
572 2365 599 2422 id
616 2369 661 2422 est
679 2364 883 2434 Pascbss‚Pen·
936 2371 1045 2426 vantur
1059 2367 1089 2424 in
1106 2367 1174 2439 lide,
1187 2383 1251 2441 que
1266 2367 1438 2442 designatur
1451 2368 1482 2426 in
1498 2368 1666 2428 celebritate
1680 2373 1765 2430 Inna·

57 2464 183 2518 lecastes
194 2457 558 2532 atqne‘l'abernacnlarum
571 2455 684 2513 rituaat
694 2454 883 2513 ceremoniae
937 2469 1068 2535 pentum,
1084 2457 1135 2531 qul
1151 2473 1204 2515 nec
1233 2457 1313 2532 loqui
1330 2475 1383 2517 nec
1397 2461 1547 2534 cooperari
1561 2460 1658 2520 adbuc
1673 2477 1765 2520 nare·

59 2565 111 2623 per
125 2547 242 2620 singula
255 2547 444 2616 describeret,
453 2548 571 2603 demum
584 2546 649 2603 ieeti
666 2543 882 2602 Tabernacula·
938 2553 1014 2605 rant.

59 2654 123 2697 rum
140 2636 254 2695 cultum
271 2637 402 2704 tradens,
418 2636 457 2692 ita
472 2635 549 2692 inter
566 2635 742 2692 caetero'sit:
758 2635 883 2691 Assume·
973 2635 1456 2706 Hislinitis,retionem1iominias
1472 2639 1606 2714 dieique
1619 2640 1765 2701 infradies

60 2732 150 2802 iisque
164 2727 239 2784 calu
252 2726 298 2782 die
310 2725 400 2799 prima
414 2727 538 2797 {ructum
552 2725 662 2782 arbaris
671 2722 883 2797 pulcherrim,
939 2726 1083 2784 Dominiai
1095 2725 1206 2784 Natalis
1222 2728 1358 2798 accurrit,
1375 2728 1501 2785 breviter
1515 2729 1545 2785 ln
1570 2728 1648 2789 calce
1662 2730 1767 2805 scripti
1857 2718 1862 2723 ¹

58 2819 236 2894 spatulasque
248 2817 446 2890 palmorumtel
460 2829 550 2870 ramas
560 2813 634 2885 ligni
647 2813 794 2870 dmrnrum
804 2814 882 2884 tran·
938 2817 1130 2889 attingamus,
1146 2819 1178 2873 ut
1192 2816 1228 2873 de
1244 2816 1357 2874 missali
1387 2817 1484 2875 cilicia
1500 2816 1591 2892 hujus
1607 2819 1673 2876 testi
1689 2819 1765 2876 nihil
1857 2818 1861 2825 '

60 2909 147 2977 dium,
163 2916 189 2965 st
214 2906 310 2963 salices
331 2904 364 2961 dc
392 2908 522 2969 terrente,
551 2907 578 2959 et
605 2901 769 2959 laetabimini
791 2917 884 2959 caram
939 2905 1207 2980 praetermittamus.
1224 2910 1290 2962 lina
1306 2905 1397 2963 missa
1411 2905 1523 2964 incerta
1538 2907 1585 2965 die
1599 2909 1725 2967 occurrit
1739 2914 1768 2966 et

61 3001 188 3057 barriso.
202 3002 278 3055 Lace
289 2996 409 3069 quidem
426 2993 753 3067 manifestiueeat,qucd
770 2991 884 3050 illudin
940 2997 1048 3071 agitor,
1066 2994 1249 3065 eteignilicat
1262 2996 1349 3053 lldem
1367 2995 1525 3071 Synagage
1542 2998 1571 3054 in
1588 2998 1656 3069 ilne,
1672 2999 1768 3058 incer·

61 3090 124 3162 lege
139 3087 252 3146 Pascha
266 3092 295 3144 et
315 3085 503 3144 Pentecosten
516 3086 578 3158 jem
596 3084 814 3158 praetendebant
828 3082 884 3140 sub
909 3090 1009 3196 ctum
1024 3089 1067 3142 est
1081 3085 1211 3158 quando,
1223 3085 1253 3142 in
1267 3085 1418 3143 christum
1434 3087 1634 3162 credituras,ut
1648 3106 1768 3147 cumra-

62 3177 156 3252 llgura
173 3181 304 3234 nostrum
322 3174 433 3232 Pascha
448 3177 477 3230 st
492 3174 680 3231 Pentecosten
695 3171 725 3229 in
741 3170 890 3246 Evangelii
947 3176 1026 3250 liquo
1041 3191 1160 3247 corpore
1171 3173 1305 3232 Ecclesia
1317 3176 1452 3232 otiatura
1467 3178 1629 3251 assumptio
1640 3179 1772 3253 Synego·

67 3265 347 3338 gratia.Solsrnnitas
357 3262 745 3337 quoque'Pabernncularnm
757 3263 892 3336 praeima·
946 3283 988 3342 ge
1000 3267 1060 3338 jam
1076 3263 1240 3323 celebratur
1254 3264 1284 3321 in
1299 3264 1407 3323 Christi
1423 3265 1528 3324 natale.
1545 3267 1684 3326 introitus
1700 3271 1773 3327 lium

66 3356 188 3429 girabat
198 3354 304 3411 natale.
315 3353 563 3428 Christi,quanda
574 3352 603 3409 in
616 3352 677 3410 sols
688 3353 891 3426 posuittaber·
945 3355 1068 3413 medium
1082 3355 1234 3423 silentium,
1248 3371 1301 3412 vox
1316 3359 1361 3412 est
1375 3354 1470 3428 ipsius
1486 3357 1645 3431 synagogae
1660 3361 1768 3417 testau-

65 3447 201 3503 naaalum
217 3463 317 3518 suum,
328 3446 399 3502 dum
414 3445 540 3502 visibilis
556 3446 668 3502 mundo
684 3446 821 3519 apparuit
835 3446 892 3504 sub
947 3445 984 3502 tia
996 3445 1073 3519 quod
1089 3453 1195 3501 cecata
1211 3445 1249 3501 sit
1264 3443 1433 3502 inlidelitate
1444 3446 1561 3518 quanda
1574 3447 1709 3506 Christus
1720 3465 1774 3505 na·

66 3536 195 3609 tegmine
210 3536 318 3602 cornis,
338 3540 366 3592 et
381 3551 435 3592 nae
459 3551 562 3593 amnes
578 3535 607 3591 in
623 3551 655 3592 se
670 3536 821 3593 credentes
837 3537 892 3594 sub
947 3539 996 3593 tus
1012 3540 1067 3592 est.
1079 3533 1225 3592 Graduale
1249 3533 1394 3608 Speciarus
1417 3537 1507 3608 farma
1522 3541 1550 3594 et
1565 3536 1705 3595 Enwtouit
1718 3553 1774 3597 vax

65 3626 139 3699 ipsis
152 3626 363 3683 incarnationis
375 3624 576 3682 siveteutoriis
587 3641 639 3699 per
653 3625 741 3682 iidem
756 3626 893 3683 introdu-
949 3625 1043 3682 Patris
1059 3628 1115 3692 cst.
1130 3623 1214 3696 quasi
1231 3624 1305 3697 ipsis
1320 3623 1431 3683 iudeis
1446 3626 1581 3685 testantis
1597 3629 1676 3701 quad
1689 3627 1772 3684 Chri·

66 3719 130 3772 atos
145 3714 182 3771 ab
198 3713 315 3770 insidiis
327 3713 489 3785 spiritualis
501 3712 637 3785 nequitia
649 3712 894 3786 semperprotexll
949 3720 1014 3772 stus
1028 3714 1106 3771 Deua
1121 3718 1150 3769 ei
1161 3713 1251 3771 Filius
1262 3715 1327 3786 ejus
1341 3716 1477 3788 est,qoad
1489 3715 1531 3771 illi
1545 3717 1631 3772 modo
1642 3733 1698 3772 non
1710 3732 1772 3774 cre·

70 3820 103 3860 ac
116 3804 252 3876 protegit.
266 3802 382 3858 Undeet
393 3802 492 3873 inipsa
506 3800 568 3874 lege
579 3801 621 3855 ita
634 3801 769 3858 admonet
779 3800 894 3860 dicens:
951 3801 1226 3875 doullivangeliom
1237 3804 1774 3878 etcommuniosumptadeilvangella

67 3894 181 3948 Discunt
196 3892 300 3964 posteri
322 3892 415 3958 uestri,
432 3889 502 3963 quad
517 3891 547 3946 in
576 3889 767 3947 tabernaculis
785 3891 897 3950 tabita·
952 3896 1022 3952 dom
1049 3909 1174 3967 puerum
1189 3892 1292 3951 lesum
1308 3898 1429 3951 narrant
1444 3895 1480 3952 de
1500 3895 1622 3969 AEgppto
1636 3895 1773 3952 relatum.

67 3987 166 4039 aarum
176 3982 233 4053 filii
249 3981 345 4049 israel,
358 3988 384 4035 nt
394 3996 495 4037 omnes
507 3979 607 4038 lldcles
620 3996 671 4054 pra
683 3983 761 4039 certa
768 3985 896 4056 teneant,
951 3988 968 4040 J
972 3984 1084 4041 adeam
1099 3983 1228 4041 innuunt
1241 3982 1328 4041 iidem
1343 3982 1450 4041 Christi
1461 3983 1490 4040 in
1502 3983 1559 4041 ilne
1572 3981 1676 4041 mundi
1687 3986 1723 4042 ab
1733 3984 1776 4058 lp·

69 4073 147 4146 quad
163 4072 217 4128 sub
233 4070 290 4128 lide
300 4070 444 4128 incarnati
454 4069 553 4141 Verbi,
568 4073 615 4128 cui
627 4087 678 4145 per
688 4087 795 4146 aquam
805 4071 899 4131 renati
953 4074 995 4132 sis
1010 4073 1148 4146 gentibus
1168 4073 1228 4131 lora
1248 4073 1284 4131 ad
1303 4074 1420 4134 ludens
1444 4090 1622 4132 reversuram
1634 4074 1778 4135 exstincta

69 4178 326 4237 concorporamur,
342 4160 525 4236 protegimur
544 4178 561 4218 a
580 4160 651 4219 iacie
662 4161 783 4236 maligni
793 4160 899 4237 bostis,
954 4163 1126 4223 infidelitate
1141 4180 1253 4223 eorum.

76 4312 1781 4359 W

648 4476 722 4518 auito
736 4477 839 4519 nomm
850 4469 988 4520 iifflffll
1001 4479 1034 4521 11·
1049 4478 1198 4522 mummi

406 4634 753 4792 DROGO
809 4635 1445 4796 CARDINALIS

731 4863 915 4923 camarlais
929 4864 1124 4926 eiuscot‘us

453 5053 684 5145 NOTITIA
718 5055 1404 5150 [turonico-Littamum

606 5209 725 5268 Pasarc.
738 5209 869 5269 Biltictlt.
885 5211 957 5270 mad.
970 5220 997 5271 al
1011 5213 1064 5287 irai.
1084 5214 1148 5286 lat,
1164 5214 1200 5279 11,
1209 5214 1257 5285 65)

113 5427 222 5495 Draga,
233 5434 266 5476 er
280 5419 423 5478 manacho
439 5420 631 5477 Benedictina
643 5420 970 5480 manasteriiNicasiani
990 5420 1069 5495 apud
1085 5419 1244 5479 Ramesses
1259 5421 1353 5492 priore
1367 5424 1397 5478 et
1408 5421 1514 5478 abbate
1530 5417 1790 5490 bardunensiepl-

78 5509 184 5564 scapus
199 5491 344 5549 Ostiensis
368 5497 398 5548 at
427 5492 588 5550 cardinalis
603 5492 641 5550 ab
662 5509 740 5550 anno
766 5494 836 5551 1¹30
850 5494 886 5551 sd
927 5493 1008 5561 1138,
1034 5494 1154 5569 scripsit
1167 5494 1208 5550 lis
1225 5502 1398 5551 sacramenta
1422 5491 1575 5551 liamtrricae
1602 5490 1790 5549 Passionisli·

79 5567 177 5635 brom,
192 5565 255 5622 sire
268 5579 446 5633 sermonem,
461 5565 580 5622 obvium
607 5565 637 5621 in
653 5563 944 5639 orthodoxogrspbis
960 5564 1103 5638 utrisque.
1133 5569 1163 5624 at
1176 5565 1207 5622 in
1223 5564 1413 5624 bibliothecis
1427 5569 1565 5623 Patrnm:
1582 5563 1791 5624 innovissimo

181 5683 316 5752 sarran.
338 5680 471 5748 ccxvi.
1636 5676 1685 5734 xx
