3788 6000
65 162 97 203 ·’
150 192 208 255 eat

821 180 1007 246 annnam
1028 181 1232 253 rennuere.
1316 136 1320 143 ⁵

1698 190 1705 195 ’
1794 189 1864 251 eta

154 342 256 399 pugna
271 326 423 383 immemor
442 341 508 384 cum
529 323 643 381 infinito
668 337 719 379 suo
746 319 868 379 satellite
886 318 972 376 habe·
989 321 1013 384 Α
1030 317 1193 388 liebertum,
1214 322 1375 393 principem
1399 320 1550 390 Flandriae,
1569 321 1606 377 ad
1630 321 1762 379 ultimum
1777 338 1864 395 egere

154 425 243 470 retur.

155 523 218 577 Cre.
237 521 307 577 titt.
317 520 595 590 -Cortatoapierta
605 520 675 588 sair,
689 536 764 592 spem
776 517 888 575 uiuendi
897 517 975 590 ponit

187 592 218 648 in
233 596 310 664 iope,
326 609 406 664 qoem
418 592 563 648 podiensis
585 595 727 664 episeopus
741 593 902 647 insectatur.

186 682 243 748 Sic,
254 681 312 738 Deo
328 684 448 748 rotante,
465 682 494 738 in
510 691 623 752 stupore
642 686 670 739 et
684 681 790 738 exstasi
804 681 896 752 posito
912 679 975 750 qui-

150 771 215 827 dam
230 770 330 840 adluit,
348 771 462 827 sinistra
484 771 527 826 illi
543 775 660 841 portans
674 770 784 837 nuntia,
809 776 836 827 at
854 769 973 824 dicens:

152 883 167 911 «
190 860 350 927 corbahan,
376 859 509 931 princeps
538 859 741 926 illustrissime,
766 857 833 930 quid
862 858 974 929 lougius

151 964 258 1006 moram
295 947 434 1019 protrahis
468 949 602 1005 adversus
641 949 714 1004 hanc
750 947 974 1003 Christianorum

150 1039 240 1095 aciem
254 1041 265 1092 i
278 1054 376 1094 annon
391 1039 471 1094 vides
490 1039 633 1110 quomodo
649 1047 724 1105 tuus,
740 1052 825 1110 quem
840 1037 973 1103 eduxisti,

13 1126 25 1193 ζ’
94 1167 97 1171 -
150 1127 303 1197 exercitus,
321 1128 410 1184 rictus
425 1136 452 1184 ct
467 1129 578 1184 attritus
594 1129 658 1200 luga
685 1127 814 1198 dilapsus
832 1126 893 1183 esti
908 1141 974 1184 ecce

149 1216 178 1272 in
193 1226 284 1272 eastra
298 1222 345 1272 tua
361 1223 529 1288 tuorumque
546 1216 618 1272 Galli
630 1214 973 1286 diliusispuliaauserunt‚

149 1312 176 1363 et
191 1323 236 1363 res
249 1308 395 1364 universas
416 1307 565 1379 colligunt,
581 1316 607 1364 et
634 1323 702 1364 eece
718 1308 780 1364 sine
805 1323 884 1363 mora
897 1306 931 1362 ad
949 1314 974 1362 te

150 1397 313 1468 perventuri
328 1405 403 1454 sunl.
422 1421 435 1446 a
455 1398 602 1454 corbahan
629 1398 688 1454 hec
705 1397 776 1453 tristi
800 1406 828 1452 et
842 1399 912 1453 dura
937 1398 974 1455 le·

149 1486 261 1556 gatione
284 1486 421 1558 pulsatus,
446 1487 564 1543 elevatis
588 1486 793 1543 oculisvideus
817 1488 893 1543 acies
908 1503 974 1544 sues

148 1573 214 1645 luga
230 1574 392 1644 defluxisse,
419 1577 555 1632 continuo
584 1576 643 1646 ipse
663 1590 728 1632 cum
744 1576 823 1632 omni
837 1577 973 1632 comitatu

1029 407 1114 464 rebus
1128 417 1155 466 et
1168 412 1250 482 aquis
1265 428 1295 468 se
1320 412 1424 468 vidisse
1438 411 1533 466 testati
1564 419 1642 469 sunt.
1671 411 1754 484 Eguit
1765 413 1859 484 siqui·

1029 497 1094 553 dam
1110 499 1165 555 dur
1180 501 1357 574 Gadeiridus,
1373 501 1421 573 qui
1437 515 1551 572 equum,
1569 499 1600 558 in
1614 517 1668 573 quo
1697 501 1744 559 die
1760 505 1859 574 magni

1030 585 1098 642 belli
1113 590 1193 659 sedit,
1209 589 1285 647 dono
1301 591 1414 647 comitis
1434 590 1595 660 lteymundi
1610 591 1750 664 suscepit,
1766 592 1859 649 multa

1030 692 1113 746 prece
1136 686 1287 734 extortum.
1314 679 1386 737 Nam
1410 678 1552 735 deleuerat
1583 678 1625 735 illi
1654 679 1775 750 pecunia
1800 696 1857 751 pra

1029 767 1158 837 angustia
1174 772 1338 825 memoratae
1351 769 1445 839 tamis,
1463 775 1490 824 et
1507 768 1597 825 nimia
1612 768 1763 840 largitione
1778 768 1858 826 elee-

1030 869 1212 927 mosynarum
1228 864 1255 912 et
1269 872 1375 927 rerum,
1390 873 1461 928 quas
1477 856 1505 913 iu
1524 856 1662 913 mendicis
1678 864 1705 912 et
1726 864 1859 913 attenua·

1030 944 1066 998 tis
1080 944 1218 1002 militibus
1233 946 1376 1017 expendit.
1390 945 1473 1017 liguit
1488 946 1593 1017 pariter
1607 945 1757 1019 liebertus,
1775 946 1860 1003 ditis-

1029 1034 1119 1091 simus
1132 1043 1160 1091 ct
1174 1037 1388 1108 potentissimus
1415 1037 1546 1108 princeps
1572 1036 1685 1108 pinguis
1711 1037 1854 1096 Flandriae

1029 1138 1114 1194 quem
1126 1125 1229 1196 sepius
1244 1126 1274 1182 in
1289 1126 1414 1182 exercitu
1443 1126 1621 1182 mendicasse
1647 1133 1788 1194 asserunt,
1805 1128 1853 1198 qui

1029 1213 1170 1270 alluerant
1185 1218 1213 1271 et
1241 1215 1332 1271 oculis
1348 1216 1553 1285 inspexerunt,
1578 1215 1730 1286 ipsumque
1752 1231 1857 1287 equum

1029 1318 1114 1374 quern
1129 1301 1159 1359 in
1172 1303 1218 1359 die
1229 1303 1295 1360 belli
1320 1304 1497 1370 ascenderat,
1524 1304 1715 1360 mendicando
1730 1305 1854 1376 acquisi-

1028 1391 1113 1459 visse,
1130 1391 1285 1450 multorum
1310 1392 1447 1450 relatione
1472 1392 1633 1448 didicimus.
1661 1391 1710 1448 llis
1732 1392 1857 1465 denique

1028 1481 1118 1552 equis,
1133 1480 1229 1538 labore
1240 1481 1396 1553 acquisitis,
1415 1498 1491 1538 nunc
1506 1491 1562 1537 tam
1579 1481 1683 1554 egregii
1710 1482 1856 1553 principes

1027 1569 1057 1625 in
1075 1570 1121 1627 die
1136 1569 1203 1627 belli
1220 1570 1319 1628 invicti
1335 1572 1469 1628 adversus
1479 1569 1638 1627 infidelium
1653 1571 1739 1639 acies,
1755 1573 1851 1628 consi·

149 1676 200 1717 suo
215 1663 298 1718 dorsa
313 1663 393 1719 vertit
408 1662 438 1718 in
456 1664 561 1733 tagam,
579 1663 622 1718 ria
646 1679 701 1734 qua
725 1670 850 1730 venerat,
867 1665 900 1718 ed
923 1679 1010 1750 re-B
1029 1659 1161 1716 derantes
1172 1659 1319 1717 corbahan
1341 1675 1406 1717 cum
1434 1660 1514 1716 omni
1541 1660 1677 1718 comitatu
1692 1676 1746 1716 sua
1776 1668 1852 1734 terga

149 1765 238 1821 gnum
267 1752 406 1807 corrozan
434 1758 461 1807 et
489 1756 596 1808 flumen
625 1751 797 1823 Euphratem
826 1751 971 1809 insistens.
1026 1749 1152 1818 vertisse,
1177 1749 1268 1807 veloci
1292 1765 1376 1806 cursu
1401 1756 1463 1821 post
1486 1765 1552 1806 eum
1585 1749 1667 1806 irena
1699 1749 1850 1822 dirigunt:

149 1839 238 1904 Quem
254 1856 332 1897 sacer
346 1841 495 1912 episcopus
505 1857 570 1898 curn
580 1842 659 1898 omni
669 1842 730 1898 acie
740 1858 791 1897 sua
806 1849 970 1913 persecutus
1025 1838 1217 1909 caedendoque
1231 1846 1258 1895 et
1272 1838 1427 1894 sternendo
1437 1839 1502 1909 iuga
1512 1837 1678 1895 deficientes
1691 1843 1719 1894 et
1735 1839 1849 1910 lugien-

150 1930 375 2001 cst‚nonlonge
404 1938 508 2000 tamen,
534 1930 763 2003 praedelectione
786 1945 925 2002 equorum
944 1936 971 1986 et
1025 1932 1076 1994 tes,
1093 1927 1123 1982 iu
1146 1928 1236 1998 spatio
1260 1927 1346 1982 trium
1369 1927 1524 1982 milliarum
1549 1927 1610 1983 eine
1636 1926 1851 1987 intermissione

150 2019 277 2091 peditum
304 2019 480 2076 lassitudine.
515 2020 678 2076 [reiecerunt
706 2020 782 2076 eninr
803 2017 971 2076 Christianis
1024 2015 1233 2072 insecutisunt.
1254 2015 1595 2087 Taukradus,quietiam
1621 2015 1847 2074 Christianorum

149 2106 214 2176 equi
226 2121 325 2177 quusa
349 2106 440 2163 Gallia
464 2108 629 2174 eduxerant,
653 2124 708 2177 pra
732 2108 850 2165 diversis
869 2108 969 2179 plagis,
1024 2105 1115 2160 eciem
1130 2103 1279 2175 dirigebat,
1296 2112 1324 2159 ut
1340 2103 1434 2174 lugam
1451 2104 1590 2173 persensit
1610 2105 1846 2175 adversariorum,

22 2224 65 2265 .·
150 2196 336 2252 utaifirmant
359 2214 393 2253 ex
409 2199 525 2254 veritate
551 2200 597 2270 qui
613 2200 741 2255 aderant,
766 2198 836 2254 Nam
851 2199 968 2255 viniu-
1024 2206 1081 2247 uua
1097 2207 1161 2248 cum
1177 2191 1298 2263 equestri
1314 2207 1399 2247 manu
1414 2192 1443 2247 iu
1458 2193 1534 2247 caede
1550 2191 1663 2249 illorum
1678 2191 1761 2250 alluit
1775 2194 1850 2250 velo·

149 2285 226 2340 renti
240 2286 563 2358 supererantaquihetto
578 2288 645 2358 apti,
661 2287 690 2342 tn
706 2288 752 2344 uia
767 2303 822 2358 qua
837 2287 967 2358 pretium
1023 2282 1103 2348 atter,
1120 2281 1312 2353 quesituras
1341 2281 1506 2338 milliarium
1535 2283 1675 2354 rugientes
1702 2283 1849 2341 insecutus

145 2388 210 2431 cum
228 2381 267 2431 tut
281 2374 447 2431 nationibus
460 2375 610 2445 gentilium
626 2377 843 2434 commiserunt.

145 2483 207 2540 Car.
225 2483 292 2540 LlV.
303 2515 338 2524 —
354 2485 404 2542 libi
418 2487 564 2611 notantes·
576 2484 718 2557 principes
732 2487 781 2557 qui
793 2500 854 2558 prae
872 2488 967 2559 inopie

177 2627 295 2683 Plurimi
320 2627 459 2698 siqnidem
472 2566 713 2700 maimaitun
727 2635 754 2685 et
783 2627 966 2699 nobilissimi,

140 2732 262 2788 quorum
278 2717 347 2772 latet
368 2731 515 2787 numerus,
533 2718 613 2788 equis
628 2717 748 2775 mortuis
768 2722 797 2774 et
816 2719 966 2790 praeiamis

1023 2369 1236 2439 est.Corbahan,
1250 2371 1311 2427 vieo
1326 2387 1440 2427 suorum
1457 2371 1574 2442 diffugio
1599 2378 1625 2426 et
1648 2371 1788 2430 exercitus
1802 2373 1849 2430 sui

1022 2459 1209 2530 dispersione,
1221 2475 1332 2529 semper
1354 2459 1520 2516 intendebat
1534 2461 1617 2532 luge,
1646 2476 1795 2534 quousque
1809 2463 1844 2519 ad

1022 2549 1205 2621 Euphratem,
1236 2551 1354 2605 lluviunr
1395 2565 1540 2621 magnum,
1577 2551 1757 2622 perveniens,
1782 2568 1848 2610 cum

1020 2636 1079 2694 auis
1091 2638 1204 2708 nauigio
1220 2638 1332 2710 elapsus
1344 2645 1395 2694 est.

1020 2743 1084 2800 Gar.
1102 2744 1168 2800 titt.
1184 2746 1269 2801 —lie
1292 2744 1447 2817 direptione
1463 2755 1617 2803 castrorum
1638 2750 1664 2803 et
1685 2747 1846 2806 diuersitate

141 2805 252 2874 inopias
271 2805 458 2876 consumptis,
476 2806 505 2861 in
532 2820 650 2862 numero
666 2807 792 2878 pediturn
807 2808 964 2880 computati

141 2894 252 2965 pedites
271 2893 369 2964 praelia
391 2893 549 2965 discebant,
578 2897 658 2966 quia
676 2897 756 2966 pueri
780 2912 837 2954 cro
853 2913 966 2968 semper

1343 2817 1530 2874 uinculorum.

1059 2906 1108 2961 ilis
1123 2905 1249 2976 praelatis
1263 2906 1485 2964 Christianorum
1500 2907 1678 2981 principibus
1692 2908 1774 2967 avido
1788 2911 1846 2967 ini·

140 2985 221 3055 equis
235 2985 339 3040 assueti
354 2991 380 3041 et
397 2985 501 3041 invecti
517 2992 660 3042 certarnen
682 2985 757 3042 inire
768 2985 907 3044 solebant.
923 2988 963 3043 Ex
1019 2994 1158 3051 micorum
1174 2994 1244 3052 caedi
1261 3003 1288 3051 et
1302 2996 1710 3067 iusecutioniiutendentibus,
1724 2998 1846 3059 societas

137 3072 181 3130 his
196 3090 262 3131 vero
277 3075 396 3146 egregiis
414 3074 492 3141 viris,
518 3075 565 3147 qui
582 3074 691 3131 mulum
717 3083 766 3132 aut
779 3077 904 3149 asinum,
922 3039 1000 3134 velG
1020 3085 1135 3143 comitis
1152 3085 1314 3157 fleymundi
1330 3086 1493 3158 aepiscopi
1523 3087 1654 3160 Reymeri
1680 3091 1781 3161 pmii,
1799 3090 1846 3148 jn.

137 3164 373 3235 vilejanrentum‚
389 3164 432 3220 vel
448 3164 619 3234 palefridum
639 3172 706 3221 tunc
718 3166 863 3236 acquirere
887 3174 966 3237 pote·
1022 3171 1116 3242 hians,
1128 3180 1154 3227 ct
1171 3173 1270 3244 spoliis
1284 3174 1453 3240 Tuscorum,
1470 3173 1499 3230 in
1510 3173 1571 3231 luco
1583 3175 1847 3248 eodemquevicto·

137 3261 188 3324 rat,
206 3271 256 3324 pro
285 3270 360 3324 equo
376 3257 523 3311 utebatur:
554 3257 628 3311 inter
655 3272 727 3327 quos
755 3257 909 3314 tortissimi
937 3265 966 3315 et
1018 3265 1061 3321 ria
1075 3267 1139 3322 data
1154 3272 1207 3333 est,
1225 3282 1324 3337 parum
1339 3282 1525 3338 persequens,
1542 3268 1747 3339 permansit,et
1760 3286 1845 3341 gran·

138 3341 272 3398 ditissimi
288 3358 337 3397 sua
353 3343 382 3397 in
396 3351 468 3398 terra
480 3342 625 3413 principes
640 3344 721 3399 asino
736 3344 895 3401 insidentes
906 3361 965 3402 cer·
1018 3353 1066 3408 dia
1080 3353 1170 3426 spolia
1184 3355 1259 3423 auri,
1272 3353 1478 3425 bysantiorum,
1509 3356 1654 3426 frumenti,
1671 3357 1745 3427 vini,
1760 3359 1845 3417 resti·

139 3439 233 3487 tamen
256 3430 474 3487 inieruntznec
500 3432 614 3487 mirutn.
646 3432 717 3490 Nam
741 3432 789 3487 diu
814 3433 965 3491 deliciante
1017 3448 1218 3500 mentorumet
1240 3444 1418 3516 papilionum
1447 3446 1608 3518 deprauata
1633 3447 1845 3508 enutrivere

137 3518 195 3573 illis
207 3520 318 3588 proptio
331 3525 458 3590 sumptu.
475 3530 589 3591 egentes
605 3521 845 3590 mendicaverant,
862 3531 889 3579 et
904 3524 964 3579 suis
1017 3532 1066 3602 qui
1082 3547 1184 3604 pugne
1199 3533 1302 3589 intenti
1317 3542 1407 3602 erant,
1421 3535 1728 3610 ridentesilloespoliis
1745 3554 1847 3598 manus

135 3607 223 3661 armis
239 3605 360 3663 venditis
385 3614 498 3678 propiet
522 3609 662 3678 inopiam,
692 3609 778 3665 armis
805 3610 963 3668 Turcowm
1016 3619 1132 3690 interro,
1160 3623 1258 3678 eadem
1287 3623 1404 3679 avaritia
1427 3625 1562 3696 corrupti,
1591 3642 1692 3682 manus
1714 3627 1846 3686 similiter

137 3694 257 3751 insuetis
271 3703 298 3751 et
314 3696 477 3767 incongruis
492 3696 522 3753 in
538 3695 612 3753 bello
635 3698 795 3754 utebantur.
815 3699 920 3755 Horum
933 3700 963 3757 in
1016 3712 1116 3782 prede
1136 3710 1310 3781 injicientes,
1336 3728 1400 3769 cum
1418 3713 1517 3784 spoliis
1531 3715 1654 3785 copiosis
1679 3724 1706 3773 et
1722 3717 1844 3775 infinitis

137 3799 256 3840 numero
271 3785 453 3850 Hartmanus,
466 3785 543 3841 dives
564 3790 593 3842 ei
605 3787 812 3854 ss0bil¹⁸⁵³isslltb
831 3805 904 3845 unus
929 3790 963 3846 de
1017 3799 1049 3856 in
1064 3799 1148 3856 laude
1173 3808 1200 3856 et
1216 3800 1313 3857 letitia
1328 3807 1356 3858 et
1371 3818 1437 3859 rooc
1452 3802 1649 3860 exsultationis
1662 3806 1844 3864 Antiochiam

136 3874 361 3945 liiaell⁰i⁰¹¹fib¹¹⁵
381 3872 411 3930 5¹¹
436 3881 509 3930 liiii
523 3874 677 3932 Alefflfllliae
702 3875 801 3944 fuisse,
827 3878 963 3949 fl⁸l⁰⁰ll⁰⁰
1016 3889 1118 3945 reversi
1130 3897 1215 3945 sunt:
1238 3897 1265 3945 et
1280 3890 1408 3961 quiante
1423 3891 1522 3962 inopes
1549 3899 1629 3949 erant
1655 3898 1684 3950 et
1707 3895 1841 3963 famelici,

136 3962 277 4030 insidens,
294 3963 446 4020 umbonem
466 3964 551 4021 Tusci
567 3975 594 4021 et
608 3965 735 4034 stadium
751 3974 860 4022 tentum
876 3968 962 4025 indie
1015 3992 1093 4034 nunc
1107 3978 1243 4034 omuibus
1255 3978 1337 4034 bonis
1352 3979 1658 4038 satiatisunt.cudicoa
1677 3998 1742 4040 vcro
1757 3983 1844 4041 innu-

135 4051 185 4108 illo
199 4053 234 4108 ad
261 4067 383 4123 pugnam
399 4051 531 4108 habuisse
560 4054 744 4123 perhibetur:
772 4070 825 4111 nec
845 4056 959 4112 mirum·
1017 4066 1167 4123 merabiles
1182 4071 1211 4122 ln
1228 4066 1330 4123 iisdem
1341 4067 1439 4123 castris
1452 4068 1600 4138 gentilium
1617 4077 1794 4143 repererunt,
1810 4075 1841 4131 in

136 4140 206 4198 Nam
223 4143 307 4197 robus
322 4139 454 4197 otrtnlbus
470 4142 633 4209 exhaustus,
649 4142 746 4212 lorica,
761 4144 841 4213 [talea
865 4149 893 4201 tii
915 4163 961 4202 at·
1015 4156 1120 4229 quibus
1138 4157 1268 4228 sacrilegi
1298 4157 1366 4213 ritus
1383 4157 1604 4216 Sarraceuorum
1629 4168 1657 4218 et
1680 4161 1839 4221 'lurcorum

136 4229 189 4285 mis
205 4229 630 4298 venditis,diumsssslitilssfflb
644 4233 960 4305 ⁰1⁰0f0l0l³ssil⁰ss⁰ffli
1014 4245 1250 4315 inscriptierant,
1278 4252 1305 4302 et
1331 4246 1455 4302 nefanda
1485 4247 1607 4304 crimina
1633 4249 1789 4309 ariolorum
1812 4260 1840 4308 et

135 4319 209 4388 quod
240 4332 291 4375 1¹00
320 4319 508 4374 mflssdltissdO
537 4319 762 4391 'llelflloissiflb
780 4322 959 4393 Pervenerat,
1014 4335 1178 4405 aruspicum
1193 4350 1258 4390 curn
1277 4334 1489 4391 characteribus
1510 4338 1741 4397 exsecrabilibus.
1757 4339 1843 4399 Gale·

137 4422 193 4464 una
208 4406 346 4463 hanricus
361 4407 508 4473 densata.
526 4409 607 4466 miles
622 4410 727 4467 nobilis
742 4420 769 4467 el
793 4412 875 4470 laude
889 4415 961 4470 mili·
975 4407 1000 4472 D
1015 4439 1125 4485 aarum,
1141 4422 1329 4491 vinculorum,
1354 4423 1520 4494 laqueorum
1536 4442 1569 4482 ex
1587 4427 1702 4484 funibus
1717 4437 1745 4486 et
1765 4429 1840 4487 ferro

137 4497 189 4553 tari
204 4497 317 4568 dignus.
337 4496 390 4552 Sed
406 4498 462 4552 dux
489 4498 656 4555 Godeiridus
681 4501 831 4571 gloriosus,
844 4503 958 4561 illorum
1014 4511 1155 4582 coriisque
1183 4511 1304 4567 taurinis
1318 4518 1345 4567 et
1360 4512 1471 4582 equinis
1485 4513 1596 4570 diversa
1611 4531 1715 4585 genera
1734 4517 1840 4575 ibidem

136 4588 279 4657 misertus,
304 4602 406 4656 panem
432 4602 521 4643 unum
546 4603 611 4644 oum
642 4590 769 4660 portione
797 4591 891 4648 carnis
915 4593 959 4650 vel
1013 4599 1044 4656 in
1061 4600 1191 4656 tentoriis
1205 4607 1315 4671 reperta
1329 4608 1393 4656 sunt
1409 4601 1445 4656 ad
1462 4602 1648 4661 vinculandos
1662 4605 1841 4665 Christianos

135 4676 221 4746 piscis
246 4692 281 4731 ex
312 4676 423 4746 proprio
451 4685 565 4747 sumptu
604 4677 757 4734 Hartrnano
792 4681 957 4750 constituit;
1013 4689 1837 4763 quaomniaantiochiamallatasunt‚plurimonumeru

135 4764 460 4836 llenricumvero,quia
478 4765 596 4822 nrileset
614 4767 958 4826 homosuusmultissibi
1012 4779 1135 4850 infinita,
1164 4778 1381 4850 complurimis
1410 4780 1493 4836 robus
1517 4789 1544 4839 et
1558 4784 1698 4854 tentoriis,
1723 4794 1834 4844 etcum

135 4855 269 4911 servierat
283 4856 369 4910 annis
384 4862 411 4910 et
433 4855 569 4910 bellorum
598 4855 739 4924 periculis,
766 4860 914 4915 censivam
930 4863 958 4915 et
1011 4868 1134 4925 tentorio
1146 4868 1239 4941 ipsius
1266 4867 1423 4937 Corbahan,
1439 4872 1512 4940 quod
1528 4871 1559 4927 in
1575 4873 1693 4930 medem
1717 4875 1838 4932 civitatis

136 4959 242 4999 mense
255 4961 311 5000 suae
327 4943 437 5000 socium
451 4943 612 5000 attitulavit.
1011 4957 1138 5015 turribus
1153 4967 1180 5014 ct
1205 4957 1347 5015 moenibus
1370 4959 1473 5013 diversi
1491 4959 1594 5017 coloris
1616 4965 1644 5018 ct
1661 4963 1776 5033 pretiosi
1791 4982 1839 5022 se-

134 5031 201 5088 Cae.
217 5031 270 5088 LV·
292 5063 324 5073 -
340 5034 379 5088 De
392 5031 485 5087 elidem
510 5049 551 5099 re,
567 5043 593 5088 ί(
605 5035 674 5104 [²⁴9⁰
694 5043 720 5090 0⁸
733 5034 806 5092 ΰῑθᾶθ
824 5035 955 5094 'mistum-
1011 5047 1063 5104 rici
1086 5046 1257 5103 edificatum
1272 5053 1343 5104 erat.
1359 5045 1485 5104 ilabebat
1509 5048 1584 5105 idem
1601 5050 1732 5109 mirabile
1744 5057 1838 5111 tento·

169 5124 258 5192 Super
276 5122 319 5178 his
349 5122 472 5178 miseriis
500 5131 527 5177 et
545 5125 789 5182 attenuationibus
814 5125 955 5185 nobilium
1010 5134 1083 5190 rium
1100 5134 1176 5191 vicos
1192 5152 1208 5190 a
1223 5135 1429 5201 sedessuentes,
1445 5134 1474 5191 in
1496 5137 1599 5208 quibus
1618 5139 1674 5195 duo
1687 5140 1838 5199 hominum

133 5227 294 5282 procerum,
317 5211 456 5266 mirantur
480 5211 658 5269 solummodo
685 5213 714 5268 bi
737 5215 786 5285 qui
807 5231 955 5287 nunquam
1011 5225 1234 5296 millinspatiose
1252 5225 1394 5283 habitasse
1405 5225 1578 5283 referuntur.
1591 5227 1736 5297 Mulieres,
1760 5233 1842 5302 pueri

134 5300 199 5358 huie
212 5300 304 5357 simile
319 5300 479 5369 audierunt,
510 5317 561 5357 arec
589 5303 817 5372 rualaviderunt‚
849 5322 909 5377 qun
924 5306 954 5362 iu
1010 5313 1413 5380 terreriatadhuclaotautes,
1441 5322 1577 5386 quotquot
1607 5316 1636 5373 in
1663 5320 1765 5374 castris
1789 5336 1837 5377 re·

132 5395 190 5446 tem
212 5387 297 5459 longo
313 5388 414 5444 exsilio
429 5389 631 5459 contingerant
660 5397 716 5449 iarn
738 5395 857 5466 egregiis
875 5395 953 5466 viris,
1009 5404 1171 5472 pertisum,
1186 5402 1235 5458 alii
1251 5402 1391 5469 trucidati,
1407 5402 1456 5458 alii
1472 5419 1608 5474 equorum
1625 5406 1746 5475 pedibus
1766 5424 1839 5467 cun·

134 5477 183 5532 aad
200 5492 258 5532 aon
274 5476 413 5531 mirantur
428 5475 477 5546 qut
492 5475 584 5545 ipsum
606 5478 706 5535 dircen
728 5481 911 5538 codetanum
927 5487 954 5538 et
1008 5490 1118 5556 anitati,
1135 5491 1237 5549 raisero
1267 5496 1296 5547 et
1313 5492 1404 5549 lacero
1412 5493 1546 5549 certavere
1566 5506 1684 5564 campus
1698 5494 1837 5567 implere·
