3788 6000
151 277 210 337 tuo
801 259 983 324 inueniet
1004 259 1205 332 iouuusts
1369 269 1373 277 '
1795 270 1858 330 496

152 402 324 460 hebetudine
335 400 448 468 meniis,
460 404 508 455 aut
524 398 625 454 timore
648 393 874 467 supervenientis
899 390 974 448 mul·
990 393 1017 461 Α
1032 392 1095 447 Cir.
1110 389 1189 446 XXX.
1206 422 1241 432 -
1256 391 1318 447 Dur
1333 390 1495 463 Godesrr'dcr
1511 393 1614 451 brunna
1628 397 1660 451 in
1680 397 1777 470 sapone
1792 415 1859 456 oer-

151 491 281 548 titudinis
300 505 456 547 concussos
484 488 651 545 mollescere
679 484 843 549 arbitretur,
858 487 886 539 et
913 481 977 537 ideo
1062 481 1143 548 titur,
1159 485 1186 537 et
1202 479 1325 553 plurimi
1338 481 1471 538 comitum
1493 484 1553 556 ejus
1577 485 1695 542 diuersis
1719 488 1858 546 mortibus

150 582 278 638 tardatos
291 580 326 637 ad
342 595 426 650 opem
441 585 468 635 et
484 576 639 635 uindictam
668 574 819 633 confratris
834 578 899 628 anto
913 585 977 626 om·
1062 571 1263 642 protegantur.

150 670 298 728 niumora
327 669 453 741 percussi
468 673 496 724 et
524 665 669 735 decollati,
697 679 762 721 cum
791 661 872 717 nulla
895 657 978 730 plaga
1062 656 1125 713 Dux
1146 667 1240 715 autern
1268 659 1585 720 Godelridusvirtutem
1607 670 1634 721 et
1660 669 1854 724 constantiam

151 760 250 817 mundi
266 766 333 817 ante
350 757 472 814 Galliam
488 755 655 812 audaciores
670 761 698 809 et
712 753 742 809 in
759 750 833 808 bello
861 764 976 820 promp·
1027 745 1142 803 illorum
1165 747 1286 804 nimium
1300 749 1438 806 adversus
1452 767 1483 807 se
1498 751 1597 808 videns
1610 755 1780 823 excrevisse,
1796 764 1857 813 sta·

150 849 237 906 tiores
250 849 367 905 nutriat.
384 850 491 902 Verum
507 858 644 917 equorum
659 841 874 899 deiectioneoos
890 837 977 893 luisse
1027 834 1079 890 tim
1095 850 1160 891 curn
1175 835 1283 908 ingenti
1300 854 1386 894 manu
1400 855 1515 896 suorum
1541 856 1591 912 per
1609 848 1719 914 portam
1736 860 1855 917 proces·

148 938 306 995 retardatos
320 934 418 1008 procul
434 934 520 992 dubio
535 932 642 996 credet,
671 946 742 1002 qnos
757 926 911 1000 aliquando
926 940 975 997 pe·
1027 923 1065 980 sit
1088 926 1222 983 adsersus
1246 926 1351 997 hostes,
1369 936 1400 984 ut
1425 930 1557 999 tentoria,
1578 947 1638 1003 qua
1654 950 1671 989 a
1686 934 1754 992 ioris
1774 944 1854 993 extra

150 1028 350 1098 stilantia,aut
379 1025 517 1081 diuturna
531 1022 616 1089 laura,
632 1028 678 1076 aut
703 1019 848 1075 interdurn
877 1013 976 1072 laliaci
1029 1029 1124 1071 muros
1142 1014 1233 1072 locata
1256 1017 1507 1084 crant,inraderst
1528 1035 1562 1076 ae
1586 1028 1713 1094 terreret,
1727 1023 1855 1083 Tereos·

150 1117 309 1174 Terrorem
325 1115 427 1186 sagitta
440 1113 606 1169 amiserunt.
628 1109 682 1164 Vix
697 1109 772 1166 anim
802 1104 891 1163 Gallis
905 1119 976 1161 cen·
1028 1103 1160 1171 quoinde
1175 1113 1499 1176 expugnantosurceret.
1513 1107 1568 1165 Sed
1584 1125 1650 1168 eece
1665 1111 1859 1171 Turcicxsnr·

152 1211 214 1263 tum
225 1204 432 1278 quinquaginta
445 1202 509 1273 equi
521 1203 728 1264 remanserant,
739 1205 767 1253 et
776 1196 831 1268 ipsi
839 1192 976 1250 attenuati
1027 1198 1096 1260 gunt
1108 1191 1138 1248 in
1150 1209 1300 1250 occursum
1311 1195 1393 1251 ducis
1407 1197 1441 1252 ad
1457 1197 1636 1255 defendenda
1652 1202 1785 1259 tentoria.
1801 1204 1854 1262 Ubi

150 1297 225 1352 lame
239 1293 407 1365 pabulorum
421 1309 429 1358 ;
445 1289 545 1346 'loreis
560 1303 625 1344 vero
640 1288 763 1359 pingues
789 1288 818 1341 et
840 1299 898 1340 non
911 1281 976 1338 iati-
1027 1281 1075 1335 diu
1092 1281 1188 1350 prelio
1213 1283 1346 1355 utrinque
1374 1287 1540 1357 commisso,
1563 1290 1749 1359 gravissimus
1774 1291 1854 1350 labor

150 1385 319 1457 gatierant:
336 1386 505 1452 quapropter
519 1378 604 1436 celeri
619 1391 706 1434 cursu
721 1375 852 1439 evadere,
867 1380 894 1428 et
908 1370 975 1427 Gal·
1028 1368 1167 1440 incubuit,
1183 1371 1252 1428 dum
1263 1373 1319 1428 dux
1335 1381 1361 1429 et
1376 1375 1431 1443 sui,
1449 1375 1554 1431 uiribus
1574 1376 1705 1435 exhausti
1722 1379 1854 1453 belloque

152 1473 174 1530 li
189 1489 239 1531 eos
251 1484 431 1542 nequaquam
458 1474 625 1538 prevertere
655 1466 818 1536 potuerunt.
834 1460 976 1529 Quadrin-
1028 1457 1151 1529 tresigii
1163 1460 1270 1532 lugam,
1285 1463 1427 1531 conversi,
1442 1465 1489 1519 rix
1504 1481 1553 1536 per
1569 1473 1688 1536 portam,
1705 1483 1761 1538 qua
1775 1470 1853 1528 exis·

151 1561 232 1636 genti
248 1566 360 1616 tantum
380 1557 445 1630 equi
461 1557 619 1613 'l'urcorum
647 1554 677 1610 in
693 1551 845 1610 Antiochia
873 1548 976 1620 roperti
1028 1557 1103 1615 rant,
1119 1557 1289 1607 revertentes
1304 1559 1461 1608 eraserunt.
1474 1554 1528 1609 tilii
1544 1570 1611 1612 vero
1627 1556 1720 1626 multi,
1737 1558 1853 1617 circiter

151 1657 178 1708 at
189 1649 264 1722 capti
277 1655 433 1718 sunt,quos
449 1644 568 1702 minime
579 1643 673 1700 adhuc
687 1657 738 1699 suo
754 1656 833 1698 more
847 1640 882 1696 ad
893 1638 974 1709 aqui·
1028 1639 1154 1708 ducenti,
1171 1639 1277 1711 quibus
1298 1648 1377 1712 porta
1391 1648 1509 1714 augusta
1524 1652 1625 1715 negata
1646 1651 1701 1713 est,
1712 1655 1762 1703 aet
1777 1665 1853 1706 mor·

151 1740 270 1796 tandum
300 1737 480 1802 domuerant,
497 1741 545 1790 aot
569 1734 599 1790 in
624 1731 823 1804 perseeutione
849 1730 974 1786 hostium
989 1754 1015 1821 B
1030 1727 1142 1797 tui‚aut
1156 1728 1297 1788 vulnerati
1325 1739 1373 1786 aut
1387 1735 1464 1803 capti
1491 1740 1567 1789 sunt.
1583 1734 1629 1790 Sic
1652 1736 1724 1792 duee
1752 1738 1850 1810 fugato

151 1832 274 1896 flectere,
300 1833 327 1884 et
356 1824 514 1882 calcarihus
540 1838 641 1894 urgere
669 1820 840 1878 didicerant.
865 1818 975 1874 Dehinc
1029 1820 1058 1872 et
1071 1824 1188 1889 retruso,
1205 1819 1392 1892 plurimisque
1405 1821 1464 1877 suis
1484 1822 1514 1878 in
1529 1829 1610 1893 porta
1624 1825 1752 1895 attrtstis,
1768 1827 1854 1885 ‘lurci

153 1924 217 1989 post
242 1916 400 1972 ‘lurcorum
429 1912 646 1980 discessionem,
670 1909 812 1981 peregrini
838 1906 930 1963 tristes
948 1910 976 1961 et
1028 1908 1188 1976 aprasidio
1201 1915 1258 1964 eta
1281 1917 1362 1980 porte
1377 1911 1500 1980 presidii
1515 1921 1707 1984 erumpentes,
1722 1930 1757 1972 co
1775 1917 1849 1988 quod

153 2005 282 2062 dolantes
297 2003 468 2060 exstinctum
485 1999 713 2071 corpusRotgeri
728 1997 791 2054 urbi
806 1995 977 2062 intulerunt,
1026 1996 1163 2053 adsersus
1183 1998 1282 2055 ducam
1307 1999 1529 2071 prevaluissent,
1556 2017 1606 2070 per
1629 2003 1744 2059 semitae
1771 2013 1853 2061 notas

156 2108 224 2150 cnm
238 2091 343 2162 eiulatu
358 2097 496 2162 magnoet
512 2093 588 2153 netu,
601 2088 819 2158 ingemiscentes
834 2084 977 2155 quomodo
1028 2092 1054 2141 et
1070 2084 1172 2143 rallem
1194 2088 1355 2159 perplexam
1375 2092 1542 2146 accedentes
1562 2091 1594 2146 in
1619 2093 1737 2162 mmnia,
1758 2095 1853 2152 subita

158 2197 232 2239 unus
250 2180 397 2237 tortiorum
417 2180 452 2235 da
481 2177 585 2249 populo
609 2176 769 2242 cecidisset,
793 2174 840 2245 qni
865 2187 977 2244 semper
1027 2174 1229 2233 vociteratione
1243 2176 1418 2234 Christianos
1440 2185 1573 2250 vagantes
1597 2180 1790 2248 incurrebant,
1802 2200 1851 2239 sa-

154 2278 214 2328 erat
229 2267 346 2340 pervigil
356 2269 386 2324 in
402 2267 550 2324 insidiiset
559 2273 652 2338 strage
666 2264 827 2336 gentilium,
839 2263 978 2334 cujusque
1025 2263 1093 2331 gitta
1106 2263 1136 2319 in
1151 2264 1258 2336 impetu
1270 2265 1414 2333 ledentes,
1429 2274 1456 2322 et
1471 2268 1533 2322 sina
1553 2283 1631 2324 mora
1652 2269 1688 2324 ad
1702 2285 1794 2327 arcam
1822 2279 1851 2328 et

154 2359 232 2416 iacta
245 2357 370 2428 insignia
393 2356 531 2426 ampliora
560 2355 638 2411 luere
666 2369 750 2425 quam
775 2359 869 2408 noster
888 2348 978 2422 stylus
1024 2360 1158 2407 montana
1172 2361 1359 2410 recurrentes.
1370 2354 1443 2411 Dum
1455 2356 1496 2412 sic
1507 2372 1602 2424 mane,
1617 2358 1733 2415 meridie
1748 2367 1777 2415 et
1787 2376 1847 2417 ras·

152 2455 237 2521 queat
256 2447 408 2519 explicare.
436 2448 520 2499 Fama
539 2443 652 2514 quidem
681 2443 743 2514 ejus
766 2441 840 2513 apud
867 2440 977 2495 'lurcos
1027 2454 1092 2508 pere
1106 2457 1122 2494 a
1138 2440 1279 2498 montanis
1289 2449 1317 2499 et
1333 2443 1405 2499 ralis
1421 2445 1594 2516 exsilientes,
1609 2447 1786 2506 christianos
1797 2449 1852 2506 im·

99 2588 103 2593 .
153 2553 254 2597 omnes
264 2535 429 2602 antecessit,
438 2539 466 2590 et
476 2532 596 2589 libenter
606 2547 671 2588 eum
684 2530 776 2586 ridere
784 2535 811 2585 at
820 2528 919 2584 audire
929 2543 976 2584 so·
1028 2536 1167 2600 peterent,
1189 2531 1372 2588 Boemundus
1394 2542 1419 2588 et
1436 2534 1620 2604 lieymundus
1633 2537 1675 2592 ira
1692 2537 1773 2609 rnoti,
1790 2539 1855 2596 sina

153 2617 974 2694 lebantinomuinegotioquodcumChriatianisagelrant,
1029 2615 1165 2674 dilatione
1197 2619 1271 2675 vallo
1297 2619 1448 2691 immenso,
1471 2625 1544 2694 quod
1575 2625 1680 2683 dicitur
1706 2626 1855 2698 iossatnm,

152 2722 201 2772 ent
224 2716 254 2770 in
282 2714 464 2772 restitutione
480 2710 610 2782 utrinque
624 2709 812 2780 captivorum,
838 2716 886 2764 aut
909 2723 975 2764 eum
1029 2708 1172 2764 montanis
1186 2716 1215 2765 et
1228 2708 1334 2765 ciuitati
1348 2712 1479 2766 deorsum
1498 2712 1664 2784 interposito
1678 2721 1706 2773 et
1720 2716 1854 2787 presidio

152 2804 306 2876 aliquando
322 2817 420 2874 pacem
448 2800 523 2856 inter
551 2815 581 2855 so
609 2797 831 2869 componebant.
841 2797 975 2869 Sepultus
1028 2796 1150 2866 quodam
1171 2796 1275 2853 murali
1295 2798 1415 2854 edificio
1439 2800 1560 2871 desuper
1586 2801 1709 2872 iirmato,
1734 2805 1854 2862 tutelam

152 2897 305 2950 astantem
326 2892 357 2948 in
372 2889 525 2947 Antioohia
548 2889 624 2945 idern
639 2887 723 2945 miles
745 2887 918 2944 fortissimus
942 2887 973 2942 in
1029 2886 1088 2942 suis
1109 2887 1151 2944 sic
1176 2887 1236 2944 deri
1258 2889 1476 2956 constituerunt,
1492 2891 1636 2949 nesebite
1659 2910 1676 2948 a
1703 2896 1848 2951 montanis

150 2982 290 3040 vestibulo
320 2980 446 3037 basilicas
474 2979 505 3034 B.
524 2975 596 3034 Petri
615 2977 737 3049 apostoli
762 2974 975 3048 aprincipihus
1027 2975 1179 3031 adversarii
1204 2984 1396 3047 erumpentes,
1421 2978 1583 3048 peregrinos
1599 2980 1716 3050 milites,
1731 2982 1847 3040 incauta

151 3073 374 3131 Christianorum
400 3077 427 3128 at
448 3087 464 3125 a
490 3068 608 3125 Domino
627 3069 761 3140 episeopo
782 3066 925 3133 Pediensi,
946 3071 974 3122 et
1029 3079 1079 3135 per
1094 3063 1171 3120 urhis
1185 3066 1275 3135 spatia
1290 3073 1431 3137 vagantes,
1449 3068 1536 3123 aruris
1550 3076 1577 3124 et
1593 3069 1701 3140 sagittis
1716 3072 1851 3129 inradan·

150 3163 186 3219 ab
201 3163 280 3220 omni
294 3161 371 3219 clero
386 3157 526 3217 catholico
546 3156 594 3228 qui
609 3157 715 3227 aderat,
727 3156 878 3226 animaque
893 3169 973 3212 com-
1028 3152 1064 3208 do
1078 3153 1289 3210 detruncarent.
1306 3154 1390 3211 Threi
1405 3171 1481 3222 raro,
1497 3157 1544 3227 qui
1571 3157 1601 3213 in
1618 3159 1763 3215 montanis
1777 3175 1849 3231 prar-

150 3253 284 3310 mendata
313 3249 425 3308 christo
448 3246 570 3304 Domino
607 3247 769 3304 orationum
798 3243 921 3301 victimis
948 3250 976 3299 et
1027 3240 1129 3297 sidium
1145 3243 1426 3312 adhucobtinebant,
1442 3245 1546 3317 sapius
1559 3245 1594 3303 ad
1611 3245 1640 3302 id
1657 3262 1761 3304 norum
1775 3265 1850 3320 pre-

149 3340 324 3411 psalmorum
350 3335 475 3408 hymnis,
491 3335 574 3406 cujus
601 3350 697 3392 arnore
720 3341 748 3390 et
772 3334 879 3390 honore
894 3331 975 3388 exsul
1026 3329 1131 3386 sidium
1150 3332 1347 3403 erumpebant,
1362 3334 1488 3390 assultus
1510 3334 1661 3403 iaciebant,
1678 3337 1800 3394 rnultum
1823 3345 1849 3395 et

147 3429 249 3494 iactus,
264 3426 336 3483 mori
351 3441 409 3481 nen
424 3421 575 3479 dubitarit.
1026 3420 1145 3490 graviter
1160 3423 1290 3478 custodes
1313 3439 1346 3480 ac
1360 3424 1522 3480 defensores
1541 3424 1606 3480 nori
1621 3426 1745 3496 presidii
1762 3427 1849 3498 sagit·

165 3516 228 3572 Car.
242 3511 669 3571 XXIX.-0bridionntionnrn
681 3510 759 3567 eirea
770 3512 954 3568 Antiochiam.
1027 3515 1118 3564 tarum
1142 3513 1281 3582 grandina
1303 3521 1330 3569 et
1358 3529 1502 3569 armorum
1531 3513 1634 3570 virtute
1665 3524 1797 3572 vexantes
1820 3523 1849 3573 et

183 3603 235 3660 Vix
251 3601 353 3674 inclyti
369 3599 470 3657 militis
486 3599 602 3670 explere
625 3607 691 3655 sunt
715 3601 851 3671 exequie,
867 3607 894 3655 et
909 3616 975 3658 ecce
1026 3598 1206 3668 perimentes.
1222 3602 1377 3658 Christiani
1393 3619 1457 3659 rere
1473 3602 1577 3658 militas
1592 3602 1766 3675 WalbrIeus,
1788 3604 1845 3671 lro,

147 3693 255 3764 inipso
271 3705 356 3748 mane
381 3687 507 3754 sabbati,
527 3689 599 3759 quod
617 3687 712 3745 illuxit
727 3689 807 3745 tertia
835 3689 881 3746 die
896 3695 974 3761 post·
1026 3686 1192 3759 liudolphus
1207 3691 1242 3746 dc
1259 3691 1404 3756 Fontanis,
1423 3692 1602 3748 Erertrardus
1616 3696 1651 3750 de
1666 3692 1772 3765 Poisat,
1789 3693 1853 3750 llei-

147 3798 232 3856 quarn
248 3781 315 3839 urbs
329 3788 410 3852 capta
427 3788 480 3848 est,
495 3778 598 3835 adsunt
615 3777 753 3835 unirersoe
769 3779 894 3835 barbarae
920 3794 974 3835 na·
1026 3776 1126 3833 boldus
1138 3780 1249 3850 Creten,
1266 3785 1365 3836 Petrus
1381 3781 1456 3837 iilius
1479 3781 1573 3851 Gisia,
1597 3783 1730 3839 custodes
1751 3792 1777 3840 at
1792 3799 1853 3839 ma-

148 3872 240 3930 tiones
255 3881 282 3931 et
297 3870 424 3943 legiones
452 3867 602 3941 gentilium
632 3870 818 3939 inapparatu
846 3867 972 3939 copioso.
1024 3865 1104 3936 gistri
1118 3867 1183 3922 nori
1199 3869 1333 3939 presidii,
1349 3886 1407 3927 non
1437 3870 1848 3929 minusTurcisinianccaet

148 3977 218 4034 quas
232 3961 381 4019 corbahan
405 3974 439 4015 es
466 3956 605 4014 universis
634 3956 739 4027 regnis,
754 3956 837 4012 terris
851 3960 880 4013 et
904 3957 973 4014 loeis
1024 3958 1103 4012 omni
1126 3965 1357 4016 armaturarum
1382 3960 1442 4017 suis
1470 3960 1648 4027 resistebant,
1673 3960 1747 4017 riam
1763 3962 1847 4018 ratiis

147 4050 294 4107 orientalis
320 4049 409 4121 plage
435 4045 793 4115 contraxerat,incarnpis
813 4045 972 4115 etpianitis
1024 4044 1066 4100 eia
1090 4047 1330 4118 contradicebant,
1357 4047 1500 4105 interdurn
1531 4049 1599 4107 hinc
1631 4057 1658 4107 et
1684 4050 1751 4107 hinc
1771 4052 1849 4122 gravi

144 4139 275 4194 tentoriis
290 4139 400 4208 locatis,
420 4135 598 4193 obsidionem
627 4134 734 4190 iaciens
749 4134 827 4191 circa
841 4135 970 4206 spatiose
1024 4141 1115 4204 strage
1129 4143 1156 4192 et
1171 4136 1287 4194 vulnere
1301 4145 1461 4208 pereuntes.

143 4224 336 4282 urbismuros
354 4232 381 4281 et
396 4224 513 4280 maante.
529 4222 623 4278 Tertia
637 4222 744 4279 dehinc
759 4223 806 4279 dia
820 4231 970 4294 postquem
1023 4223 1088 4281 Car.
1104 4226 1207 4282 lllllil.
1224 4255 1258 4268 —-
1271 4228 1445 4284 Boarnnndaa
1457 4230 1559 4285 aeriter
1581 4229 1784 4302 insperguntur,
1799 4231 1846 4287 red

143 4312 241 4371 fideles
256 4313 359 4370 Christi
374 4312 484 4369 obsedit
498 4311 582 4382 longe
605 4328 623 4367 a
638 4311 728 4368 muris
741 4313 878 4384 residens,
899 4314 970 4372 inito
1058 4314 1165 4370 nouitio
1178 4316 1300 4385 tratrem
1312 4317 1438 4388 superior
1453 4319 1575 4389 efficitur
1590 4335 1597 4375 :
1611 4325 1636 4374 ct
1650 4336 1704 4391 pan
1723 4322 1845 4375 necessi·

143 4403 275 4472 consilio,
291 4409 322 4459 ut
335 4402 466 4474 proprius
495 4399 600 4458 civitati
627 4400 828 4473 hospitaretur,
845 4403 970 4473 sustulit,
1057 4406 1113 4458 tcta
1126 4405 1238 4476 protnnr'
1251 4407 1384 4462 remotius
1398 4411 1492 4463 eastra
1512 4407 1644 4463 iecerint.

142 4502 243 4561 eastra,
258 4501 285 4551 ot
301 4494 330 4550 in
342 4491 528 4549 multitudine
538 4491 651 4546 virtutis
666 4505 723 4547 sue
740 4491 768 4548 in
785 4499 920 4549 montana
935 4477 1003 4550 inl)
1054 4490 1129 4547 Dum
1152 4490 1182 4547 hi
1207 4492 1372 4549 creberrimi
1396 4495 1523 4551 assultus
1546 4512 1563 4550 a
1586 4495 1687 4552 'iureis
1714 4497 1850 4555 adversus

141 4583 267 4642 circuitu
282 4581 425 4654 magistre
440 4579 524 4650 arcis,
540 4586 567 4637 et
593 4579 624 4635 in
648 4595 681 4636 ea
710 4588 788 4652 parte
817 4595 872 4652 qua
898 4581 966 4638 urbs
1020 4580 1305 4651 nornmprsasidium
1332 4582 1443 4655 tierent,
1459 4592 1484 4640 ct
1499 4585 1583 4641 Turoi
1607 4585 1850 4644 acriteratiallis

139 4677 223 4745 capta
237 4678 289 4740 est,
305 4672 335 4728 in
352 4671 464 4729 excelso
472 4669 585 4741 rupium
600 4669 695 4726 sedern
706 4669 810 4739 posuit,
820 4676 851 4725 ut
861 4670 964 4727 Sensa-
1018 4669 1250 4740 reprimerentur,
1274 4671 1379 4728 miiites
1403 4673 1554 4730 corbahan
1583 4673 1706 4745 pedestri
1730 4676 1849 4747 agmina

139 4761 232 4819 donia
248 4768 275 4819 et
290 4760 419 4832 Buldagi,
436 4758 504 4816 tiliis
519 4755 657 4824 llarsiani,
667 4757 778 4813 castoris
792 4757 822 4814 in
834 4759 965 4828 presidio
1018 4759 1091 4816 iacto
1103 4774 1152 4830 per
1167 4768 1276 4830 portam
1297 4760 1519 4833 insuperabilem
1535 4763 1659 4834 presidii
1674 4763 1840 4834 ingredien-

140 4852 332 4919 manantihus,
359 4857 431 4907 esset
446 4848 557 4918 solatio,
573 4853 658 4918 utque
683 4847 776 4902 locum
793 4847 898 4904 rideret
914 4865 964 4920 per
1019 4855 1069 4918 tes,
1085 4856 1112 4903 et
1127 4854 1264 4905 montana
1277 4863 1310 4905 ac
1332 4850 1412 4905 deria
1434 4851 1608 4917 deserentes,
1625 4851 1844 4911 Bohemundum

138 4955 223 5011 quern
239 4940 307 4997 urbs
318 4938 422 4996 tradita
436 4944 464 4994 et
477 4935 633 4992 Christiani
648 4934 770 4991 immissi
783 4941 860 4991 sunt.
875 4936 961 4992 Simi-
1016 4943 1193 5006 compertum
1210 4937 1345 4994 habentes
1360 4939 1390 4994 in
1404 4954 1477 4997 noro
1493 4939 1625 5012 presidio
1640 4955 1713 5008 esse,
1732 4940 1842 4997 fortiter

137 5027 251 5084 literar
275 5028 376 5085 iisdem
404 5024 549 5083 monunis
562 5023 612 5080 alii
636 5038 671 5080 cx
686 5022 792 5094 populo
812 5024 961 5083 corbahan
1015 5039 1080 5082 eum
1095 5026 1238 5083 assiliunt.
1256 5027 1306 5084 Ubi
1325 5028 1416 5099 graris
1432 5029 1499 5087 belli
1514 5030 1659 5088 contentio
1675 5037 1776 5086 exorta
1789 5035 1844 5098 est,

134 5113 278 5172 indextro
293 5115 383 5173 latere
397 5113 534 5187 presidii,
549 5128 604 5185 quo
628 5113 686 5168 dux
711 5111 881 5169 Godelridus
905 5121 961 5171 tur·
1015 5119 1044 5171 et
1059 5115 1246 5185 plurimorum
1270 5117 1374 5174 occisio
1399 5119 1482 5175 iacta.
1507 5120 1540 5176 lit
1568 5118 1628 5177 iere
1658 5119 1846 5177 Boemundus

133 5204 188 5261 rim
205 5211 232 5261 at
243 5208 353 5274 portam
371 5203 444 5260 hane
459 5202 534 5259 inira
548 5201 690 5272 tuebatur,
706 5215 763 5272 qua
776 5199 961 5259 Boemundus
1014 5204 1106 5260 victus
1120 5220 1154 5262 ac
1164 5206 1207 5261 sui
1223 5206 1353 5273 luissent,
1365 5207 1420 5263 nisi
1435 5209 1471 5265 ab
1486 5210 1568 5266 omni
1583 5209 1652 5266 urba
1667 5208 1841 5266 Christianis

131 5301 197 5350 ante
216 5292 294 5348 urbia
308 5293 468 5363 captionem
498 5296 578 5348 extra
605 5289 779 5360 considerat,
796 5291 917 5348 tentoria
932 5291 959 5347 ri
1015 5292 1239 5361 continentibus,
1254 5310 1352 5353 eomas
1375 5295 1514 5354 liebertus
1529 5298 1716 5355 utandrsnsis
1730 5300 1845 5368 duxque

131 5379 297 5437 locaverunt
312 5396 364 5450 per
388 5379 498 5438 devexa
512 5378 664 5443 montium,
679 5390 716 5434 na
730 5376 824 5450 aliqua
840 5378 959 5436 licentia
1014 5380 1192 5451 Godeiridus,
1209 5384 1275 5441 ticet
1290 5385 1381 5455 primo
1407 5386 1514 5443 assultu
1533 5387 1636 5458 rictus,
1652 5395 1680 5444 et
1701 5387 1847 5445 liebertus

131 5475 158 5525 et
171 5468 371 5540 opportunitas
383 5465 509 5524 exeundi
533 5465 703 5523 Christianis
719 5464 778 5522 uita
794 5473 872 5537 parte
887 5482 957 5524 corr-
1011 5470 1280 5529 Northrnannorunr
1298 5473 1441 5546 princeps,
1457 5475 1609 5548 ceterique
1626 5476 1773 5548 magnifici
1784 5493 1849 5549 pro·

132 5558 291 5617 cederetur.
1013 5575 1094 5618 ceres
1109 5560 1182 5618 riras
1196 5568 1223 5618 et
1237 5577 1306 5635 opes
1318 5563 1524 5636 contulissent,
1535 5570 1566 5622 et
1575 5566 1682 5625 Tereos
1695 5567 1727 5625 in
1742 5567 1846 5629 virtute
