3788 6000
55 262 131 323 rear
688 259 849 321 cenant
870 261 1121 326 ennarrans.
1682 274 1758 337 13⁸2
1818 250 1822 259 '

49 412 117 452 rum
133 391 262 465 capitulo
276 391 369 448 valeat
380 389 521 447 nuntiari.
533 389 565 446 lit
579 388 638 447 illis
653 390 720 446 item
732 392 873 465 exceptis,
891 393 1022 465 tritius,
1038 397 1130 453 donec
1146 398 1175 453 in
1193 415 1226 455 ea
1237 400 1329 459 abbas
1341 401 1452 459 electus
1469 402 1556 460 luerit
1570 411 1597 461 et
1613 409 1756 464 statutus.

53 485 145 557 quiin
162 483 366 540 remotioribus
380 482 512 552 pertibus
528 480 704 550 habitantes,
713 497 746 537 eo
757 482 880 539 termino
935 486 975 541 nd
992 486 1161 545 electionem
1179 495 1275 548 autem
1298 491 1498 551 Cisterciensis
1512 495 1627 552 abbatis
1642 496 1759 567 praelixa

53 575 252 645 venerint‚qui
268 574 310 629 eis
326 572 451 630 fueritin
467 571 880 646 capituloconstitutus.0uod
935 579 964 632 et
974 576 1394 655 nominatadio,adminusper
1404 583 1570 656 quindecim
1582 583 1644 640 dies
1652 601 1759 641 convo·

52 665 77 723 si
94 666 161 738 quis
173 681 348 737 quacunque
360 663 417 718 ulia
431 663 773 736 occasionequandoque
785 679 882 719 rema·
936 670 1038 722 centur
1054 683 1087 722 en
1114 669 1280 736 abbatibus,
1297 687 1421 742 quorum
1439 673 1545 729 dornus
1560 673 1595 730 de
1620 673 1759 732 Cistercio

55 772 124 811 nera
142 772 158 809 a
174 760 272 811 nostro
288 751 415 824 generali
430 751 557 823 capitulo
577 752 806 825 presumpserit,
832 768 881 808 se·
936 754 1081 814 exierunt:
1095 759 1331 834 etexeliis‚qnos
1343 762 1472 833 predicti
1485 762 1645 821 abbateset
1656 764 1760 822 iratres

57 847 176 918 quentis
197 845 265 900 nrrni
282 844 408 916 capitulo
424 860 476 913 pro
492 841 579 915 culpa
594 843 707 899 veniam
724 847 811 915 petat,
829 858 882 899 nec
936 845 1143 905 cistercienses
1159 849 1279 908 idoneos
1291 853 1438 910 noverint:
1450 858 1479 910 et
1490 854 1656 927 congregati
1671 854 1762 911 inno·

56 936 120 991 aine
136 935 216 1003 pravi
232 935 484 990 animadversione
499 937 693 1004 pertranseat.
938 934 1017 992 mine
1032 936 1149 995 Domini
1159 939 1279 998 abbates
1295 948 1323 999 at
1338 943 1474 1000 monachi
1488 943 1693 1002 cistercienses
1708 943 1762 1001 eli·

96 1024 167 1080 x1V.
185 1025 214 1078 ln
230 1023 351 1095 capituto
366 1024 495 1094 pancrati
509 1038 568 1094 quae
583 1021 700 1092 arendo.
727 1053 759 1063 -
775 1021 807 1077 In
824 1037 881 1092 quo
936 1031 1008 1098 gant
1022 1026 1168 1084 abbatem.

57 1110 186 1183 capitulo
203 1112 237 1166 de
253 1110 346 1166 seluta
363 1112 529 1166 animarum
554 1126 674 1166 suarum
690 1114 835 1165 tractent:
852 1109 881 1164 in
972 1119 1037 1190 XX,
1049 1116 1121 1174 xxi.
1135 1120 1206 1193 Quis
1221 1123 1250 1178 in
1260 1122 1686 1200 abbotemmatrireceleciae(10)
1697 1127 1765 1200 elici

57 1202 259 1260 observatione
271 1208 376 1257 sattctoe
390 1201 507 1273 Regulae
524 1200 567 1256 vel
584 1200 737 1266 ordinistfll
754 1199 824 1271 ‘tuld
840 1207 884 1255 est
936 1208 1032 1278 possit.
1048 1208 1148 1266 Nattae
1160 1213 1189 1265 in
1204 1211 1327 1268 abbatem
1338 1214 1454 1270 alterins
1469 1217 1578 1271 ordinis
1592 1218 1766 1286 clienter.-

56 1293 324 1352 emendnndumvel
337 1292 669 1365 eugendumordinent:
683 1294 792 1349 bonnm
803 1293 883 1363 pacis
938 1296 1035 1353 Liceat
1049 1305 1147 1354 eutem
1167 1303 1271 1373 cuique
1287 1303 1373 1359 metri
1388 1304 1516 1361 ecclesio
1533 1307 1623 1362 nostri
1639 1307 1762 1378 ordinis,

56 1387 86 1440 et
100 1383 251 1440 charitatis
266 1382 342 1439 inter
356 1399 387 1440 se
403 1383 572 1440 reforment.
939 1401 997 1442 non
1010 1386 1106 1444 solum
1122 1389 1158 1445 de
1173 1390 1325 1448 monacbis
1341 1391 1469 1449 tiliarum
1485 1410 1606 1452 suarum
1621 1394 1762 1452 ecclesie·
1847 1428 1850 1435 ·

93 1475 154 1530 XV.
168 1475 199 1529 ln
209 1472 302 1532 eodem
315 1473 435 1545 capitulo
446 1474 681 1547 abbatumioprus
694 1474 882 1544 carricentur.
939 1492 1017 1547 rum,
1032 1477 1084 1534 sed
1100 1478 1135 1534 de
1154 1478 1226 1552 ipsis
1241 1497 1359 1554 quoque
1373 1482 1530 1542 abbatibus
1543 1484 1655 1554 esrum,
1671 1484 1763 1543 libere

57 1594 93 1605 -
108 1565 137 1620 Si
154 1563 220 1637 quis
238 1580 302 1620 reru
317 1563 409 1620 abbae
425 1563 523 1620 minus
546 1563 576 1619 in
590 1562 701 1637 Regula
719 1563 882 1630 studiosus,
938 1567 993 1623 sibi
1004 1567 1028 1624 si
1045 1583 1164 1626 neeesse
1175 1570 1430 1637 luerit,assumare
1445 1574 1596 1634 abbatem:
1607 1592 1763 1649 personam

58 1654 103 1712 vel
116 1653 308 1711 secularibus
320 1654 408 1710 rebus
421 1653 511 1710 nimis
522 1653 664 1721 intentus,
676 1652 718 1710 rel
733 1652 763 1710 in
779 1653 885 1726 aliqui·
938 1671 1006 1711 vero
1024 1655 1060 1713 da
1075 1656 1130 1713 alio
1158 1659 1259 1716 ordina
1275 1659 1357 1717 nulia
1379 1662 1415 1718 de
1431 1662 1538 1719 nostris
1558 1665 1690 1722 ecclesiis
1706 1664 1763 1722 eibi

59 1744 248 1801 bosvitiosus
259 1748 392 1816 repertus
409 1743 548 1813 tuerit‚ibi
560 1734 731 1801 charitative
743 1743 885 1800 clametur
901 1779 925 1846 B
939 1745 1028 1817 eligat
1047 1747 1077 1803 in
1093 1747 1248 1806 abbatam:
1273 1751 1351 1807 sicut
1366 1766 1419 1809 nec
1443 1757 1612 1810 nostrerum
1632 1753 1763 1828 aliquem

57 1836 108 1908 (8),
126 1836 269 1892 clamatus
280 1834 392 1890 veniam
408 1837 498 1907 petat,
516 1833 717 1905 peonitentiam
733 1850 784 1906 pro
800 1832 887 1905 culpa
939 1835 1025 1892 liceat
1047 1835 1113 1893 eliis
1130 1840 1325 1907 monasteriis,
1350 1856 1416 1913 quae
1431 1858 1489 1899 non
1505 1849 1576 1901 eunt
1601 1844 1637 1900 de
1659 1843 1763 1900 ordine

60 1924 116 1982 sibi
132 1924 273 1982 indictam
299 1923 468 1996 adimpleat.
485 1923 565 1980 liano
588 1938 654 1979 vero
681 1922 885 1981 clamationem
940 1932 1051 1995 nostro,
1065 1925 1139 1983 dari.

61 2033 118 2072 non
135 2017 192 2072 nisi
206 2016 325 2072 abbatos
342 2016 459 2071 reiciant.
1269 2022 1385 2082 CAPUT
1401 2024 1433 2081 tt.

100 2105 173 2162 XVI.
184 2106 214 2161 Si
228 2107 258 2161 in
273 2109 440 2162 correctione
451 2103 573 2177 alienius
593 2102 799 2171 sitdieaidinrm
808 2104 887 2176 cuins
1079 2109 1115 2165 lle
1129 2110 1249 2168 censione
1263 2117 1290 2168 et
1304 2112 1472 2185 depositione
1486 2115 1628 2171 abietum.

58 2196 161 2271 iudicio
184 2195 323 2252 standum.
350 2224 383 2236 -
407 2194 436 2250 Si
463 2194 536 2251 torte
564 2192 664 2266 alique
691 2192 887 2250 controversie
975 2200 1065 2257 xxti,
1081 2202 1178 2259 Attae·
1193 2205 1285 2260 vorem
1305 2212 1398 2261 ceam
1412 2213 1442 2262 pr
1460 2208 1495 2262 err
1516 2205 1714 2263 armarentur,
1731 2232 1765 2251 .-

58 2287 135 2343 inter
150 2285 297 2358 quoslibet
313 2286 435 2341 abbates
452 2283 614 2350 emerserit,
627 2280 672 2340 vel
684 2283 720 2339 de
733 2281 832 2355 aliquo
848 2280 886 2337 il·
940 2289 969 2346 Si
982 2292 1048 2363 quie
1059 2292 1150 2349 abbas
1160 2309 1212 2365 pro
1222 2293 1380 2351 inutilitate
1391 2311 1440 2352 seu
1449 2295 1690 2368 pusillanimitate
1699 2313 1764 2366 sua,

59 2376 156 2434 lorum
170 2383 229 2432 tam
241 2375 338 2448 gravis
353 2375 440 2448 culpe
451 2374 601 2448 propalate
614 2374 888 2446 luerituttutpen·
940 2399 957 2439 a
971 2389 1053 2455 patre
1063 2400 1117 2440 suo
1133 2383 1237 2440 abbate
1253 2385 1424 2453 committi,
1438 2388 1515 2444 unde
1530 2405 1586 2445 sua
1600 2387 1697 2456 exivit,
1714 2403 1765 2460 po·

61 2464 556 2536 aionemautetiamdopositinnem
569 2461 885 2535 mereaturtquldquld
941 2471 1105 2540 rimaverit,
1133 2478 1165 2528 ut
1188 2475 1224 2530 ab
1249 2490 1336 2531 onere
1362 2475 1485 2532 abbatia)
1514 2493 1574 2534 suae
1599 2477 1764 2535 relaxetur:

62 2557 163 2613 iudea
185 2553 310 2628 capitulo
328 2553 414 2609 sutrii
430 2553 667 2625 delinitum‚eine
683 2552 888 2609 retractatione
940 2566 1040 2618 navent
1060 2560 1119 2632 illa,
1139 2578 1175 2619 ne
1198 2562 1283 2620 facile
1306 2563 1332 2620 ei
1357 2564 1421 2622 sino
1444 2581 1534 2624 crura
1553 2565 1718 2624 rationabili
1740 2570 1770 2624 et

64 2649 243 2704 observetur.
260 2648 288 2703 Si
304 2662 372 2703 varo
390 2662 439 2719 pro
454 2645 624 2703 diversitate
639 2643 846 2702 sententiarum
857 2642 888 2699 in
940 2650 1066 2707 multum
1094 2651 1258 2709 necessarie
1286 2653 1465 2726 acquiescat.
1491 2657 1548 2714 Sed
1575 2661 1604 2714 et
1630 2657 1656 2715 si
1684 2659 1769 2713 tante

62 2740 240 2796 discordiam
256 2755 345 2795 causa
361 2738 518 2805 devenerit,
531 2735 602 2792 illud
620 2736 688 2792 inde
703 2733 889 2807 irrefragabt·
941 2738 1028 2796 luerit
1054 2741 1223 2808 necessitas,
1249 2741 1321 2798 nihil
1349 2743 1418 2799 inda
1448 2761 1500 2817 per
1523 2761 1555 2800 se
1584 2745 1688 2802 iaciat:
1715 2744 1767 2802 sed

62 2829 128 2886 liter
148 2834 292 2899 teneatur,
311 2828 388 2899 quod
405 2827 496 2882 abbas
520 2825 734 2885 Ciaiorciensis.
749 2823 821 2881 ethi
838 2823 888 2894 qui
941 2826 1049 2884 vocatis
1076 2827 1225 2899 aliquibus
1252 2829 1410 2886 abbatibus
1435 2830 1503 2888 aliis
1528 2832 1620 2888 nostri
1644 2833 1768 2904 ordinis,

62 2919 187 2976 sanioris
202 2917 326 2985 consilii,
339 2921 368 2973 et
382 2917 475 2989 magis
488 2915 583 2972 idonei
597 2912 795 2988 apparuerint,
805 2912 887 2985 judi·
941 2932 1040 2973 eorum
1057 2915 1179 2973 oonsilio
1203 2926 1280 2989 egat,
1295 2919 1373 2990 quod
1400 2917 1507 2990 pariter
1523 2920 1657 2977 noverint
1680 2938 1769 2995 opor·

62 3011 189 3066 nabunt:
212 3009 266 3065 boc
287 3009 451 3076 obseruate,
467 3010 501 3062 ut
524 3020 609 3061 nemo
625 3019 738 3071 eorum,
762 3003 798 3059 ad
815 3018 888 3074 quos
943 3013 1012 3064 tere.

62 3100 226 3170 specialiter
238 3115 325 3154 causa
340 3092 889 3170 rrspn=xerit,dcilnitionidebeatinter·
980 3096 1078 3153 xxnt.
1094 3097 1181 3153 Abbca
1197 3102 1229 3152 ut
1243 3097 1425 3170 deponendus,
1441 3098 1468 3152 si
1490 3100 1580 3170 culpet
1594 3099 1718 3172 exirent.
1735 3131 1769 3144 -

65 3207 140 3246 osso.
907 3153 929 3224 c
943 3184 974 3243 Si
989 3187 1056 3258 quis
1070 3203 1138 3243 vero
1153 3187 1291 3243 abbatum
1316 3190 1501 3259 contemptor
1515 3195 1623 3245 sancte
1638 3190 1767 3262 Regale,

100 3272 886 3348 XVll.Cornobinpmrninmpatientiaaboliinr'uventcr.
942 3281 994 3333 aut
1013 3275 1125 3334 ordinis
1149 3293 1213 3334 essa
1238 3278 1449 3350 praevaricator,
1479 3280 1523 3335 vei
1543 3280 1769 3337 commissorum

63 3404 95 3414 -
112 3371 192 3434 Quod
209 3371 344 3442 sinitque
359 3386 447 3425 carisa
464 3367 767 3440 Ecclesiapnuperiem
781 3365 888 3422 intole·
943 3366 999 3423 sibi
1016 3367 1139 3422 fratrum
1164 3367 1243 3425 vitiis
1259 3368 1448 3426 consentiens
1473 3369 1652 3426 innotuerit:
1678 3368 1769 3426 abbas

62 3458 180 3515 cultilem
194 3459 366 3515 incurrerit:
380 3459 470 3512 abbas
487 3454 700 3512 iliiuscoenobii
715 3469 812 3510 coram
824 3470 889 3510 om·
945 3456 1048 3513 metria
1063 3456 1189 3514 ecclesiae
1202 3473 1253 3530 per
1266 3456 1398 3531 seipsum
1409 3459 1454 3516 vel
1469 3476 1521 3533 per
1529 3459 1656 3533 priorem
1668 3475 1770 3532 eoum,

62 3550 92 3605 ni
104 3549 232 3619 capitulo
248 3549 322 3604 banc
333 3564 452 3604 eausam
467 3547 601 3603 intimare
614 3545 731 3601 studeat
742 3544 792 3616 (9).
806 3545 889 3600 Tunc
945 3551 996 3603 aut
1006 3548 1151 3619 quomodo
1162 3548 1356 3620 opportunius
1372 3550 1510 3621 potuerit,
1520 3550 1556 3607 de
1567 3549 1771 3607 emendatione

63 3639 172 3711 singuli
189 3639 309 3695 abbates
333 3639 460 3695 maximo
485 3636 636 3693 charitatis
652 3635 720 3709 igne
744 3635 891 3704 succensi,
946 3653 1013 3694 enm
1029 3637 1185 3695 admoneat
1201 3654 1295 3711 usque
1310 3643 1422 3712 quater.
1438 3639 1560 3705 Quodsi
1581 3655 1634 3697 nee
1649 3640 1691 3697 ita
1706 3656 1771 3697 cor·

64 3730 144 3786 illius
160 3728 294 3785 Ecclesiae
311 3729 462 3800 penuriam
479 3727 566 3783 rebus
582 3726 638 3781 sibl
658 3742 675 3781 e
692 3727 749 3781 Deo
764 3724 890 3794 collatis,
946 3730 1043 3782 rectus
1060 3725 1157 3793 luerit,
1172 3742 1226 3782 nec
1241 3731 1346 3800 sponte
1370 3729 1472 3785 cedere
1488 3727 1632 3785 voluerit:
1648 3744 1773 3803 congre·

68 3824 155 3892 prout
168 3819 331 3884 habuerint,
351 3820 514 3872 sustentare
530 3814 676 3871 festinent.
946 3819 1014 3887 gato
1029 3813 1179 3886 eliquanto
1199 3833 1321 3873 numero
1336 3819 1474 3874 abbatum
1491 3823 1599 3876 nostrae
1613 3835 1772 3891 congrege-

392 3904 506 3962 CtPUT
525 3903 571 3961 1V.
654 3971 662 3983 ’
947 3903 1048 3974 tionis,
1061 3908 1309 3977 transgressorem
1321 3904 1558 3978 annotaturum
1570 3906 1773 3964 abolliciosuo

283 4003 322 4053 tte
336 3996 515 4053 electionibus
530 3994 673 4051 obtutum.
948 3997 1166 4061 amoveantrso
1176 3993 1311 4066 deinceps
1326 3994 1457 4067 alterqui
1470 3994 1578 4067 dignus
1590 3996 1639 4065 sit,
1650 3997 1773 4055 consilio

100 4086 199 4144 XVlll.
225 4087 328 4143 tiortno
352 4087 462 4154 obtute,
489 4090 519 4141 nt
534 4084 582 4155 rint
604 4084 698 4141 electio
719 4085 893 4141 succensorie.
948 4087 977 4141 et
988 4082 1138 4140 voluntate
1153 4083 1275 4156 majoris
1286 4084 1679 4144 abbatisamonaobisilliua
1690 4086 1776 4144 licca-

66 4177 207 4249 -Siqua
222 4177 327 4233 domus
338 4176 449 4232 ordinis
460 4175 552 4232 nostri
563 4175 668 4232 abbate
680 4173 796 4248 proprio
808 4174 896 4231 luerit
949 4172 999 4229 sia
1018 4172 1104 4229 simul
1119 4176 1147 4230 et
1162 4172 1330 4240 abbatibus,
1347 4174 1371 4231 si
1397 4175 1447 4248 qui
1463 4175 1500 4232 nd
1525 4191 1590 4233 eam
1615 4175 1775 4248 pertinent,

69 4268 219 4335 destituta,
235 4267 330 4339 maior
344 4267 433 4323 abbas
449 4267 484 4320 da
511 4266 597 4336 cuius
612 4264 699 4320 domo
723 4264 830 4320 domus
845 4263 896 4320 illa
950 4261 1025 4319 sicut
1040 4263 1254 4335 supradictum
1271 4267 1316 4321 eat
1330 4263 1466 4337 eligatur.

71 4352 897 4427 exivit‚0mnemouremhabeatordinationisejus,donso
986 4351 1086 4410 XXIV.
1114 4353 1294 4426 &perduret
1309 4354 1473 4424 recalcitret,
1499 4362 1530 4413 at
1551 4355 1717 4428 puniendis.
1741 4386 1776 4400 ·-

72 4450 101 4506 in
112 4466 145 4504 ea
161 4449 250 4504 abbas
260 4449 339 4504 illins
350 4446 490 4520 eligutur:
508 4449 537 4502 at
547 4443 662 4516 praelixa
677 4443 724 4502 die
734 4441 897 4513 electionis,
951 4443 980 4498 ei
994 4447 1092 4500 eutem
1107 4443 1134 4501 la
1146 4445 1197 4516 qui
1211 4444 1378 4518 deponitur,
1395 4449 1445 4502 ant
1458 4446 1594 4503 monachi
1609 4448 1685 4519 ejus,
1696 4448 1774 4520 quod

73 4538 161 4595 etiam
175 4555 208 4594 cx
220 4538 388 4602 abbatibus,
398 4536 422 4591 si
434 4551 507 4608 quos
517 4535 623 4591 domus
633 4532 683 4590 illa
694 4531 897 4606 gennit‚adro·
912 4536 936 4601 Ι)
952 4533 1030 4591 Deus
1041 4537 1162 4604 stertat,
1175 4538 1364 4592 contumaees
1374 4539 1402 4591 et
1413 4533 1534 4591 rebelles
1544 4551 1608 4592 esse
1620 4534 1777 4604 voluerint,

73 4635 187 4697 centur,
200 4625 402 4684 otconailioet
414 4621 898 4694 voluntatepatrisebbatis,ebbe-
954 4627 986 4680 nt
1000 4623 1154 4681 sententiis
1179 4622 1299 4681 minime
1318 4623 1514 4695 acquiescant,
1532 4624 1568 4681 ab
1591 4624 1655 4697 ipso
1671 4624 1778 4683 abbate

74 4721 117 4773 tes
133 4722 161 4772 et
177 4716 312 4773 monaehi
328 4716 434 4772 domus
451 4714 530 4770 itlius
545 4711 680 4768 abbatem
696 4711 817 4785 eligent.
953 4713 1057 4771 metria
1071 4712 1211 4782 ecclesias,
1227 4717 1256 4771 et
1270 4729 1287 4770 n
1301 4713 1414 4770 crateris
1429 4714 1624 4771 coabbatibus
1636 4715 1710 4786 cius,
1726 4731 1778 4771 ex·

109 4807 183 4863 Xlx.
210 4813 317 4865 trortao
334 4807 364 4861 ll.
389 4803 578 4868 cisterciensi,
595 4801 645 4874 qni
658 4803 820 4858 successoria
845 4801 899 4858 eia·
954 4801 1210 4860 communicationi
1220 4801 1399 4858 subdentur:
1412 4818 1445 4859 ac
1456 4802 1594 4875 deinceps
1607 4803 1644 4860 ab
1655 4819 1688 4860 eo
1700 4818 1781 4862 coer·

72 4897 160 4954 ctioni
184 4896 458 4954 interseruerunt.
483 4924 518 4936 ·-
541 4892 644 4949 Domui
667 4896 764 4948 nutem
790 4889 898 4947 Cister·
955 4897 1086 4962 ceantur,
1104 4896 1191 4964 prout
1206 4892 1343 4963 potuerit,
1359 4891 1515 4948 etnnverit
1532 4892 1678 4965 expedire.

74 4988 178 5055 cionai,
195 4989 264 5059 quia
279 4993 373 5042 mater
387 4989 432 5042 ast
447 4984 579 5041 omnium
597 4986 744 5048 nostrum,
756 4980 826 5037 dum
837 4997 902 5054 pro·
991 4979 1074 5037 XXV.
1090 4981 1288 5052 ltesipiacentes
1308 4997 1360 5054 qno
1375 4996 1402 5037 se
1415 4982 1522 5054 possint
1537 4983 1671 5051 conferre.
1688 5011 1723 5023 -
1738 4986 1782 5039 Ex

76 5078 139 5149 prio
157 5074 532 5144 abbatecnruerit,quatuor
543 5070 629 5144 primi
645 5069 900 5143 abbatesncilicet,
955 5072 1011 5129 hoc
1025 5087 1096 5127 sane
1111 5069 1135 5126 si
1152 5069 1219 5141 quis
1238 5067 1409 5127 illorum'ad
1425 5087 1458 5128 ss
1477 5086 1620 5142 reversus,
1636 5072 1672 5128 de
1688 5074 1782 5127 morto

77 5166 112 5220 de
129 5163 285 5231 inmittite,
301 5164 336 5219 de
358 5163 556 5235 pontigniaco,
574 5162 609 5217 de
638 5157 806 5227 clarevalle,
821 5160 902 5218 etde
955 5161 1059 5219 anime
1088 5174 1250 5232 resurgere,
1276 5163 1304 5217 et
1323 5160 1358 5216 nd
1387 5165 1511 5218 matram
1541 5163 1635 5219 redire
1657 5159 1782 5218 voluerit

78 5253 272 5319 Mormonda,
286 5253 499 5326 provideant,et
510 5267 598 5324 super
608 5267 657 5307 eos
667 5250 785 5308 sitente
795 5250 901 5307 domus
955 5255 1095 5322 tanquam
1109 5248 1185 5307 lilius
1202 5249 1346 5323 paenitens
1361 5251 1548 5324 suscipietur.

113 5411 151 5484 (8)
169 5411 319 5483 clametur,
335 5413 412 5469 idem
436 5416 481 5469 est
495 5413 547 5471 boc
562 5413 625 5470 loco
649 5427 682 5468 ac
696 5417 843 5470 accueetrtr
857 5411 903 5468 rel
958 5411 1030 5467 rtem
1046 5407 1167 5483 patienti
1181 5423 1332 5466 concesso.
1691 5472 1696 5481 ,

75 5485 266 5541 denuntietur.
992 5482 1049 5554 (19)
1066 5481 1120 5538 Per
1134 5480 1270 5538 abbatem
1296 5481 1412 5553 dicioris
1426 5482 1557 5542 Ecclesiae
1581 5483 1672 5541 intelli
1696 5485 1785 5542 el’o-

112 5557 153 5630 (9)
168 5561 209 5613 En
226 5557 278 5614 tibi
304 5557 400 5615 adhuc
415 5560 444 5615 et
458 5573 531 5615 nore
547 5556 621 5615 ratio
637 5556 766 5614 nominis
792 5555 904 5615 Charta
958 5562 1029 5613 trem
1040 5553 1224 5612 atinenses
1236 5555 1370 5612 abbatem
1378 5554 1572 5615 domusiltius
1584 5573 1647 5630 que
1657 5501 1781 5616 aiteram
1794 5594 1797 5601 -

75 5629 238 5699 Cbnritatis,
253 5628 393 5687 nimirum
408 5646 443 5688 ex
458 5629 602 5698 subsidio,
619 5626 798 5687 monastario
812 5644 906 5702 penn-
957 5624 1102 5701 genuerit.
