3788 6000
59 238 143 300 rure
545 238 647 302 usus
668 236 833 301 nunrurs
855 234 1028 301 ursrsnu.
1052 264 1093 285 «-
1115 234 1216 299 runs
1238 234 1289 299 ur.
1549 224 1551 233 “
1690 242 1770 308 nuru

57 367 195 425 eumdem
212 371 331 423 cnutum
347 366 596 439 subsequentibus
618 371 647 426 et
671 367 776 426 deiude
803 369 885 439 ituris
900 370 926 437 Α
942 385 994 441 pre
1005 368 1163 436 defunctis,
1173 367 1281 425 relictis
1292 366 1435 442 paucisln
1446 369 1533 427 choro
1546 371 1655 444 quibus
1666 380 1769 434 csntor

58 458 173 523 cleison,
188 456 298 512 Christe
311 456 425 524 cleison,
442 458 527 528 ituris
544 457 656 515 cleison.
682 456 791 515 Dehinc
815 460 886 517 ore·
944 459 1086 528 innuerit,
1102 465 1260 516 conuentus
1275 461 1399 517 existed
1417 460 1598 534 defunctum,
1615 464 1672 521 nlsi
1695 466 1768 525 torte

57 563 132 615 nunc,
147 546 216 616 Tibi,
232 547 358 615 Domine,
369 546 599 603 commendamus.
618 548 686 604 Post
701 546 783 603 illam
798 546 888 604 Colle·
942 548 1071 606 cilicium
1086 549 1262 622 precipuum
1272 550 1455 622 luerit,quod
1466 552 1606 608 intermiti
1614 553 1765 615 nonlicet:

59 641 136 692 ctam
155 635 492 693 delerrturmnrtuusad
504 635 668 694 levandum:
679 637 888 711 provideatau·
942 638 977 694 de
992 656 1049 711 quo
1067 638 1231 696 laciendum
1247 644 1292 696 est
1306 640 1383 696 eicut
1397 640 1525 698 diximus
1540 641 1576 698 de
1588 642 1667 701 boris
1677 626 1775 703 canc(

59 731 119 783 tem
135 724 215 799 prior
229 742 246 781 a
261 726 369 798 quibus
380 729 409 781 et
419 726 565 795 quomodo
576 725 887 783 ablusturstiurolra·
943 728 1027 785 niuis.
1044 729 1075 784 Si
1090 730 1253 802 capitulum
1266 728 1495 799 intermiserunt,
1506 733 1767 792 revertenturilluu

59 821 117 873 tur.
132 815 252 872 Interim
268 813 407 871 inauribus
422 828 554 871 seorsum
569 815 733 872 adeiuncto
743 814 887 871 ordinetis
944 816 1122 889 complentes
1137 817 1215 890 quod
1230 825 1422 888 remanserat,
1438 819 1515 875 etibi
1527 837 1654 892 presens
1667 823 1786 883 delun.

58 905 136 961 circa
151 903 288 961 ubbatem
304 905 381 960 sicut
394 903 425 960 in
441 903 530 961 choro
557 909 646 977 prout
669 904 752 961 locus
778 904 886 978 permi-
941 908 1007 959 ctus
1023 905 1299 978 absolvatur:qucd
1309 905 1436 963 siabbas
1448 911 1517 964 tunc
1528 908 1655 965 deluerit
1664 910 1693 966 in
1705 913 1768 985 pri·

59 993 130 1051 serit
145 1001 169 1049 et
187 993 312 1066 quisque
325 993 416 1050 abbas
433 993 462 1050 in
480 1011 533 1051 suc
558 993 711 1051 dictaverit
737 1002 885 1052 monaste·
940 1008 985 1049 uro
993 992 1457 1065 Capitulccuiudtueritabsolvat
1465 997 1577 1055 camsi
1586 998 1766 1061 relectorium

59 1084 113 1151 ric,
129 1083 278 1140 conversis
294 1081 377 1139 laicis
403 1098 537 1140 seorsum
565 1082 770 1149 existentibus,
795 1082 885 1140 ebbae
942 1080 1171 1150 intermiserant,
1188 1085 1412 1140 reuertunturud
1425 1087 1625 1158 relectionem,
1636 1090 1724 1148 etium
1736 1092 1765 1148 in

59 1178 181 1229 cmterss
209 1188 274 1244 qum
299 1176 465 1242 sequuntur
491 1171 691 1245 subsequatur
726 1171 884 1231 collectus:
941 1171 1180 1242 Quadragssima‚
1199 1172 1241 1229 ita
1256 1177 1287 1230 ut
1302 1190 1354 1231 nec
1370 1174 1487 1248 signum
1504 1177 1532 1232 in
1545 1177 1668 1236 ecclesis
1683 1196 1766 1237 osm-

58 1264 182 1329 scilicet,
208 1262 277 1318 luens
315 1262 440 1330 pietatis,
480 1269 510 1319 et
541 1262 600 1318 diri
638 1264 771 1332 vulneris,
812 1261 886 1318 uinrn
941 1277 1015 1332 puna
1030 1264 1058 1317 in
1075 1261 1227 1318 reiectorin
1243 1262 1386 1334 pulsetur,
1402 1280 1453 1320 nec
1477 1281 1579 1323 versus
1603 1274 1763 1341 repetetur,

58 1356 148 1420 tuom,
173 1353 349 1422 Omnipotens
371 1352 536 1422 sempiterne
557 1352 639 1420 Dens,
664 1351 714 1424 oni
735 1352 884 1410 tumente:
942 1365 994 1404 nec
1012 1354 1111 1406 tector
1121 1350 1353 1407 benedictionem
1364 1357 1453 1424 petat,
1465 1355 1515 1409 sed
1529 1355 1660 1428 incipiat,
1671 1359 1720 1414 ubi
1731 1359 1765 1414 ti·

60 1443 183 1514 Suscipc,
200 1444 327 1510 llomtnc,
343 1443 470 1497 animum
485 1444 624 1509 seruituti,
636 1442 775 1514 adjuncta
785 1441 810 1499 si
824 1440 883 1510 illa,
940 1439 1052 1495 nierst:
1069 1440 1116 1511 qui
1128 1456 1195 1495 verc
1207 1441 1337 1496 nondum
1350 1442 1519 1514 inceperant
1533 1445 1695 1515 comedere,
1708 1464 1771 1503 ma-

60 1534 171 1589 Partem
188 1531 279 1590 neuun
293 1533 513 1599 resurrectionis,
528 1535 557 1587 et
573 1537 639 1604 post
654 1532 728 1588 banc
744 1549 884 1603 responso
940 1533 1043 1584 nentes
1058 1529 1093 1585 ud
1109 1545 1226 1602 corpus.
1240 1535 1340 1600 postet
1350 1534 1519 1588 comedunt:
1526 1538 1614 1590 Porro
1625 1536 1764 1604 omninno,

58 1636 76 1674 s
92 1624 236 1675 conventu
247 1620 341 1686 Amen,
353 1617 511 1690 incipietur
523 1635 590 1675 mcx
601 1620 774 1677 Psslterium
783 1622 884 1677 Bentns
939 1617 985 1674 dis
999 1619 1091 1674 nbbus
1107 1620 1264 1689 provideat,
1280 1624 1312 1675 ut
1328 1636 1434 1694 corpus
1444 1639 1595 1694 nunquam
1605 1625 1701 1682 solum
1715 1643 1761 1683 re·

58 1707 113 1764 nir.
942 1713 1066 1765 manent.
1083 1708 1188 1765 Statim
1204 1712 1303 1765 autem
1321 1709 1404 1766 linita
1422 1714 1675 1770 commendatione
1688 1716 1763 1771 resi·

101 1806 170 1862 Post
185 1804 358 1862 lavationum
384 1806 515 1878 eorporis
539 1804 627 1864 uitulo
649 1821 769 1879 corpore
792 1808 884 1865 abb„
943 1798 1043 1855 dentes
1054 1800 1082 1854 in
1092 1800 1180 1855 choro
1190 1814 1224 1855 ec
1235 1797 1337 1854 ordine
1348 1816 1406 1871 quo
1420 1801 1649 1871 intraverunt,et
1659 1819 1717 1876 quc
1728 1804 1765 1861 nd

64 1910 222 1967 aspergens
236 1893 307 1951 illud
324 1911 401 1967 aqna
415 1893 605 1951 benedictuet
615 1894 798 1965 tbnrilicans,
810 1897 890 1954 dicat
941 1888 1041 1944 omnia
1055 1886 1207 1944 intervalla
1221 1887 1370 1961 equaliter
1379 1906 1410 1946 se
1421 1890 1528 1946 debent
1539 1891 1655 1962 bebere,
1667 1891 1708 1947 lbi
1718 1892 1763 1949 in·

69 1985 204 2041 omnibus
219 1983 406 2039 audientibus
421 1986 622 2041 Paterentur.
639 1983 723 2042 Dicto
738 1985 827 2059 igitur
852 1986 888 2042 uh
941 1979 1054 2051 cipiunt
1066 1976 1238 2050 psalterium
1255 1977 1304 2034 ubi
1321 1978 1349 2034 in
1371 1979 1556 2036 iullrmitorlo
1582 1980 1767 2051 dimiserunt,

62 2074 177 2133 abbate.
194 2075 226 2130 Et
241 2089 334 2130 nenos
348 2075 472 2144 inducor,
484 2079 512 2130 et
524 2089 663 2147 responso
674 2092 690 2130 s
701 2076 824 2142 coeteris,
836 2076 888 2133 Sed
941 2067 966 2123 Εἰ
984 2074 1079 2124 lamen
1094 2068 1253 2141 inemptum
1271 2069 1346 2125 lull:
1370 2069 1448 2141 quod
1474 2070 1498 2124 tl
1521 2071 1681 2143 inemptum
1707 2088 1766 2129 non

67 2165 159 2219 litera
183 2179 268 2219 noea
293 2164 377 2231 mutu,
403 2164 481 2219 dicut
501 2163 602 2233 abhus,
629 2165 648 2219 Α
674 2175 755 2236 porra
782 2165 886 2235 inseri:
940 2155 1006 2229 luit,
1022 2158 1165 2228 incipiant
1179 2173 1196 2212 u
1211 2159 1305 2230 eapite
1326 2173 1443 2230 semper
1462 2158 1611 2215 dicentes:
1637 2161 1768 2232 Requiern

59 2253 177 2318 deinde.
193 2252 269 2308 nour
284 2252 409 2322 proficiet
424 2253 555 2308 inimicus
569 2252 599 2309 in
614 2269 665 2310 co:
680 2258 709 2309 st
721 2260 788 2326 post
799 2255 888 2311 Domi·
939 2249 1072 2302 &lernam
1087 2251 1184 2302 totum
1199 2263 1328 2316 lelium,
1344 2249 1414 2303 dum
1430 2249 1548 2320 signum
1570 2249 1706 2320 imiimi?
1729 2249 1765 2305 ad

58 2358 111 2398 runs
126 2343 275 2399 nobiscnm.
290 2344 416 2411 oremus,
431 2343 499 2398 Deus
514 2344 562 2399 cni
575 2343 631 2399 soli
640 2343 768 2416 rornpetit
778 2362 787 2400 :
799 2362 886 2417 quarn
941 2335 1052 2392 lwttw-
1063 2336 1145 2404 0⁰⁰⁶
1161 2337 1184 2392 ⁸5
1199 2336 1368 2407 psalterium
1386 2337 1516 2393 finierint
1530 2343 1687 2410 antequam
1703 2355 1766 2395 cor·

62 2449 130 2488 cum
146 2432 298 2503 inceperit,
316 2432 518 2502 procedautad
529 2440 617 2504 caput
628 2434 821 2505 processionis
833 2435 887 2490 mi·
941 2441 996 2498 put
1016 2426 1185 2497 tepelttlun
1202 2426 1301 2482 dicuni
1316 2424 1479 2498 plenarium
1505 2429 1634 2484 olflclum
1656 2428 1763 2484 deluu-

61 2522 226 2576 niatriruru
242 2521 888 2594 cruce,absconsa,tbnribuloetaquabene·
941 2520 1055 2571 elotum
1072 2518 1108 2570 ult
1130 2515 1199 2571 horu
1224 2517 1339 2588 prandii
1366 2532 1460 2589 usque
1486 2517 1521 2572 ud
1546 2523 1672 2588 noctem,
1700 2518 1765 2574 Plu·

57 2610 150 2665 dictu.
167 2609 246 2665 Dicta
262 2610 362 2681 itaque
376 2609 511 2677 Collecta,
524 2615 552 2666 et
567 2617 886 2683 responscaconrsntu
939 2604 1001 2660 cebo
1016 2610 1045 2659 el
1062 2605 1164 2660 Verba:
1183 2610 1247 2678 post
1266 2605 1428 2662 secundum
1455 2604 1626 2678 psalterium
1649 2606 1767 2665 Pluteos

59 2699 156 2763 Arnen,
174 2698 652 2770 rmpnnntcantorReepnnanrium
662 2699 885 2767 Libernme,i)o-
940 2701 966 2749 et
986 2694 1117 2750 Dominus
1137 2700 1225 2767 regit:
1246 2700 1313 2767 post
1335 2695 1452 2751 uerutum
1474 2697 1590 2754 Plucebc
1613 2702 1640 2754 et
1662 2699 1766 2770 Exspe-

63 2789 149 2858 minc,
165 2788 197 2843 de
211 2797 314 2843 morte:
331 2791 358 2842 et
373 2786 416 2842 sic
429 2786 551 2843 efferant
566 2804 673 2860 corpus
689 2789 718 2843 io
733 2788 886 2845 ecclesiam
938 2785 1024 2838 clune·
1042 2784 1081 2838 Fax
1097 2800 1154 2856 qun
1178 2801 1234 2839 nox
1260 2785 1347 2841 luerit
1375 2801 1467 2857 usque
1492 2792 1555 2856 post
1578 2790 1694 2842 Sextum
1720 2802 1768 2843 se·

58 2881 217 2949 sequentes
232 2892 347 2932 crnoum
361 2892 394 2932 ro
410 2876 582 2949 ordineque
597 2877 718 2933 atautin
735 2876 834 2946 choro,
847 2878 888 2934 itu
940 2872 1057 2945 quentis
1070 2873 1136 2941 diei,
1155 2873 1237 2928 Verbo
1261 2890 1333 2940 rnen,
1355 2876 1384 2928 et
1406 2874 1606 2943 exsultabunt,
1632 2875 1767 2932 Dominus

59 2972 92 3023 ut
102 2966 168 3021 inici
181 2965 318 3021 monachi
332 2965 497 3038 precedant
508 2963 639 3035 clericos,
652 2978 800 3039 postquns
811 2967 887 3024 ince·
938 2965 1008 3033 repit
1023 2978 1074 3030 me,
1090 2967 1118 3017 et
1133 2962 1325 3028 exsultabunt,
1339 2965 1517 3034 Respectans,
1530 2968 1559 3018 et
1569 2964 1764 3032 insultabunt,

59 3056 885 3130 dutabbsscumstolaetbnculo,velquicuuqueoiti·
939 3051 1168 3107 hebdomadario
1201 3051 1340 3108 lectiones
1370 3050 1483 3124 legente
1510 3053 1547 3125 (si
1580 3053 1642 3109 dies
1665 3053 1763 3126 inerit)

57 3148 136 3203 cium
154 3148 272 3204 lecerit:
296 3152 397 3218 postea
421 3142 536 3215 Neritii,
560 3146 666 3204 deinde
688 3148 843 3204 detunctus
867 3116 921 3203 aG
941 3143 1016 3214 leget
1031 3159 1080 3199 eas
1097 3143 1142 3199 cui
1160 3149 1260 3200 centor
1271 3144 1431 3215 injunxerit
1443 3159 1450 3199 :
1462 3160 1521 3216 qun
1532 3147 1701 3216 percantato
1712 3145 1765 3202 ite·

57 3244 186 3309 quatuor
197 3236 239 3293 vel
253 3238 386 3309 pluribus
397 3236 885 3310 quibusprinrjusserit,sublntus,
940 3250 1005 3288 rnnr
1022 3233 1164 3305 incipiant
1180 3232 1374 3304 psalterium:
1391 3233 1467 3304 quod
1485 3233 1509 3289 si
1525 3238 1553 3289 et
1569 3234 1667 3306 ipsum
1684 3235 1767 3291 linie-

57 3344 131 3398 quos
142 3333 171 3382 et
181 3328 313 3384 converet
323 3328 553 3399 subsequantur.
565 3324 717 3384 Dumvcrc
728 3327 884 3384 defunctus
939 3324 1008 3392 rint,
1024 3322 1124 3378 endem
1142 3323 1228 3379 modo
1244 3322 1405 3379 secundum
1418 3321 1559 3390 cilicium,
1576 3323 1605 3377 id
1621 3328 1667 3380 est
1678 3325 1766 3381 llomi·

58 3416 177 3471 ellertur
192 3417 227 3471 ad
248 3416 410 3485 ecclesium,
428 3419 452 3473 si
479 3422 612 3473 cantetur
635 3418 705 3472 born
730 3417 882 3486 canonica,
938 3429 991 3468 nus
1006 3415 1079 3483 repit
1095 3429 1146 3480 me,
1164 3412 1345 3484 persolvant:
1363 3412 1480 3484 quodsi
1498 3413 1593 3469 ndbuc
1605 3413 1764 3472 defunctus

57 3504 154 3559 videat
169 3510 269 3560 cuntur
282 3507 352 3578 qnid
370 3506 494 3562 canitur.
512 3507 541 3563 Si
556 3507 664 3563 dicitur
687 3508 881 3580 Euangeliou,
938 3502 1088 3574 supererit,
1104 3502 1210 3557 iterum
1226 3500 1369 3574 incipiant
1390 3500 1571 3572 psalterium,
1595 3519 1652 3573 quo
1676 3502 1760 3559 linito

56 3592 101 3647 vel
118 3594 150 3648 Te
165 3594 249 3650 Deum
262 3595 418 3665 tondemus,
434 3596 478 3650 rel
499 3595 616 3668 aliquod
643 3596 881 3666 Responsnnum,
936 3593 1037 3648 eodem
1050 3587 1762 3662 modotertiumoltloiumcompleantiitrcautem

57 3683 423 3756 subsistantparumperiu
433 3683 561 3740 claustro
571 3686 663 3740 donec
675 3685 882 3752 linitumsit,et
936 3680 1032 3737 officia
1047 3681 1146 3737 omniu
1161 3681 1306 3736 cunlund0
1321 3679 1458 3735 ditantur
1473 3695 1540 3736 voce
1565 3680 1717 3747 mediouri,
1732 3685 1761 3738 ct

54 3775 122 3827 tunc
139 3773 250 3827 intrent
263 3777 428 3828 cantantes.
442 3773 470 3826 Si
483 3788 549 3828 vcro
564 3772 642 3828 aliud
660 3774 766 3829 chorus
781 3779 882 3831 canta·
936 3770 1162 3842 Responsorium
1173 3769 1275 3825 bibero
1290 3785 1342 3836 mr,
1357 3769 1481 3833 domine,
1493 3785 1550 3824 non
1562 3770 1688 3840 dicutur,
1701 3769 1760 3826 nisi

54 3861 138 3926 verit,
160 3876 218 3914 non
235 3859 372 3916 dilleraot
391 3859 516 3917 intrare:
531 3865 560 3916 et
581 3861 688 3918 chorus
712 3863 881 3919 intermisso
935 3860 965 3915 in
981 3859 1067 3916 tertio
1083 3858 1189 3922 cilicio,
1205 3864 1234 3914 et
1249 3875 1315 3914 curn
1330 3860 1545 3927 primotanturn
1561 3858 1761 3916 Versaetuns

55 3951 132 4021 quod
149 3950 298 4018 cantabat,
313 3949 639 4006 cuntetcumeisdonec
651 3948 879 4023 posthllectam
935 3946 1061 4005 Collecta
1080 3946 1268 4020 singulariter
1293 3945 1407 4002 dicutur
1430 3946 1539 4002 scilicet
1563 3948 1681 4016 inclino,
1708 3949 1761 4005 ilo·

55 4043 208 4095 resumunt
220 4039 297 4110 quod
315 4038 409 4094 luerat
423 4037 637 4094 intermissum.
653 4039 708 4105 oui
729 4039 880 4097 venientes
934 4038 1021 4104 mine,
1036 4042 1065 4092 et
1079 4033 1220 4093 Psslterin
1235 4051 1300 4091 cum
1317 4036 1449 4107 deputem
1462 4042 1599 4093 oeternum
1623 4036 1757 4110 singula·

54 4127 91 4183 sd
107 4126 260 4183 ecclesiam
276 4128 426 4201 deponant
441 4143 548 4201 corpus
562 4127 593 4182 in
609 4128 775 4199 choro,nisi
792 4130 880 4186 ltssit
934 4127 1005 4183 riter
1027 4125 1103 4182 dicto
1126 4125 1332 4183 terminentur.
1355 4124 1390 4181 lit
1411 4124 1552 4198 quidquid
1580 4142 1631 4200 pro
1655 4144 1689 4184 en
1714 4127 1759 4184 ut·

54 4218 188 4285 fetidum,
206 4217 282 4274 utin
297 4217 420 4274 ecclesis
435 4217 504 4290 pcni
519 4234 577 4275 nnn
593 4218 697 4291 possit.
713 4219 812 4277 Abbus
825 4237 879 4277 su·
934 4224 1025 4286 cetur,
1039 4213 1171 4289 qnandiu
1186 4215 1368 4287 insepultum
1384 4214 1480 4283 tuerit,
1505 4215 1694 4290 singulariter
1711 4216 1758 4273 dl-

53 4315 111 4365 tem
127 4307 277 4380 provident
292 4307 341 4365 ubi
355 4324 462 4379 corpus
478 4313 613 4379 pcnstur.
632 4308 727 4366 llinltc
746 4318 832 4368 centu
851 4317 880 4370 et
934 4311 1026 4366 catur.

53 4398 193 4454 iratribus
208 4397 349 4455 ordinatis
365 4400 401 4454 sd
416 4402 505 4469 ceput
519 4398 647 4456 defuncti
664 4415 730 4456 cum
743 4416 839 4472 cruce,
850 4407 880 4460 et
969 4400 1040 4453 Cum
1056 4411 1184 4470 presens
1194 4395 1349 4454 defunctus
1360 4396 1444 4454 estin
1455 4392 1588 4466 ecclesia,
1600 4398 1624 4455 si
1636 4413 1760 4455 conven-

52 4488 215 4558 thuribulo,
231 4496 258 4545 et
269 4489 510 4562 aquabencutcn
522 4505 554 4547 ec
565 4489 876 4563 ordinaqnoineccte·
893 4485 916 4552 u
931 4490 979 4543 tus
995 4486 1124 4543 cunctum
1140 4487 1345 4543 defunctorum
1359 4495 1424 4560 post
1440 4487 1548 4543 Laudes
1559 4495 1587 4544 et
1613 4486 1758 4559 Vesperas

53 4577 879 4655 siavenerunt,ctluminesnpercendelsbrumpouitcad
934 4574 1756 4650 celebratsimilitercelebrcntqnisuntinintlrruitcrio:

52 4672 142 4741 caput
152 4669 291 4735 defuncti,
302 4670 395 4727 abbas
406 4674 490 4726 stans
500 4677 565 4742 pust
577 4686 625 4726 eos
635 4671 720 4727 iaciat
733 4686 881 4730 commen·
933 4671 963 4724 et
978 4667 1070 4740 quiin
1086 4665 1221 4739 capitulo
1234 4663 1347 4738 uigilias
1364 4664 1500 4732 dixerint,
1516 4663 1614 4719 dicant
1627 4661 1757 4720 cilicium

53 4757 213 4815 dationem.
227 4759 347 4815 interim
363 4759 466 4815 tratres
476 4758 603 4816 babeant
613 4763 712 4816 vultus
723 4762 759 4816 ad
771 4761 880 4819 alteru·
933 4758 1136 4815 detunctorum
1153 4755 1293 4828 qualeest
1303 4753 1459 4810 dicendum
1470 4752 1501 4810 in
1512 4753 1607 4811 choro.
1619 4754 1757 4828 Qnivlgi·

53 4848 144 4914 trum,
153 4845 226 4902 lactu
235 4846 503 4915 commendatione,
512 4845 708 4919 deponantlbi
717 4863 821 4920 aquam
833 4850 881 4909 be·
933 4849 997 4906 lant
1009 4843 1342 4923 circadeiunctum,nisi
1351 4843 1524 4917 priusllnito
1536 4843 1759 4917 psalteriodixs-

53 4934 200 4989 nedictam
218 4939 247 4991 et
259 4952 386 4992 crucam.
398 4937 460 5001 Qun
471 4937 547 4992 iacto
561 4934 611 5008 qui
623 4936 659 4992 ab
671 4935 742 4994 bora
751 4937 880 4997 exierant
933 4939 992 4996 rint
1005 4936 1136 4995 cilicium
1151 4935 1355 4992 defunctorum
1371 4937 1438 5006 pest
1451 4933 1574 5007 vigilias
1593 4937 1622 4990 et
1644 4933 1758 4993 Laudes

52 5025 121 5077 sant
135 5022 164 5076 in
181 5023 357 5095 capitulum,
372 5027 402 5080 et
422 5023 599 5095 reincipiant
619 5022 721 5081 borum
746 5030 776 5083 et
799 5044 880 5085 com·
933 5034 1093 5108 regulares,
1109 5048 1183 5105 quae
1200 5030 1306 5087 ibidem
1323 5029 1458 5098 dixerint,
1470 5028 1687 5086 idemoillolum
1698 5045 1757 5086 non
1845 5066 1849 5083 2

51 5108 161 5182 pisant.
173 5110 305 5181 vigilias,
320 5112 433 5169 tardes
444 5111 626 5185 etVesperss
638 5128 695 5169 non
710 5113 880 5187 incipianta
932 5123 1078 5181 omittunt.
1093 5126 1126 5178 tn
1141 5117 1398 5178 consuetudinario
1412 5134 1478 5175 vcro
1491 5118 1587 5176 cilicio
1602 5119 1680 5192 quod
1695 5117 1758 5191 agi·

51 5197 156 5269 capite,
171 5201 223 5256 sed
239 5201 290 5257 ubl
306 5201 493 5258 dimiserunt.
509 5206 546 5258 st
561 5202 640 5274 quod
656 5202 799 5262 omissum
816 5213 879 5265 arat
931 5208 1345 5285 tnrpostVeeperassivepost
1356 5206 1758 5282 Nocturnus,dicaturprima

48 5287 206 5358 i11¹l³¹0t¹lt³⁸
223 5307 317 5363 usque
332 5292 368 5346 sd
381 5291 408 5347 id
424 5290 502 5364 quod
516 5294 651 5347 cantetur
664 5290 694 5348 in
711 5293 814 5367 (lbnrc,
831 5314 877 5353 re·
930 5302 1056 5358 collecta
1072 5315 1124 5372 prc
1139 5315 1173 5356 eo
1188 5316 1195 5354 :
1210 5298 1314 5355 deiude
1334 5303 1492 5369 consuete,
1515 5296 1573 5354 nisi
1597 5297 1685 5354 inerit
1708 5314 1759 5355 sn·

49 5379 139 5435 dsunt
148 5379 177 5435 in
188 5382 447 5450 conventum,sine
455 5381 656 5438 satisfactione
664 5387 772 5455 tamen,
785 5404 879 5461 qusn-
932 5391 1028 5448 temus
1043 5387 1173 5446 cilicium
1184 5388 1402 5455 detunctorum,
1413 5387 1444 5443 iu
1457 5403 1515 5460 quo
1526 5384 1651 5444 sulemnl
1662 5385 1758 5444 cldclo

50 5469 208 5541 docunque
224 5468 359 5528 exierint.
930 5484 996 5554 post
1006 5478 1128 5552 primurn
1139 5475 1298 5535 Gcllectam
1310 5476 1371 5534 ben
1382 5474 1497 5533 tentum
1508 5476 1595 5533 debet
1604 5476 1757 5549 sequltrm

85 5557 185 5628 Porro,
201 5561 227 5618 si
242 5558 340 5620 tabula
354 5556 490 5636 pulsetur
498 5560 617 5634 qnando
629 5558 875 5630 diciturolflclum
920 5564 964 5628 ¹ud
979 5562 1210 5641 Vespersc⁵etad
1226 5560 1346 5638 lauder,
1359 5582 1449 5641 quam
1459 5560 1757 5626 admissambi'lsro
