3788 6000
68 111 147 178 nor
708 94 890 171 ossuum
912 97 1134 175 ursrontm.
1698 118 1778 185 flua
1846 169 1849 173 ,

103 250 135 305 lit
150 248 245 305 votiva
258 244 347 303 simul
357 260 573 319 praeproperare
583 244 697 302 cohors.

70 340 147 395 Civis
162 355 240 394 eram
254 336 436 392 Turonensis
451 352 503 408 ego
521 336 556 390 de
568 335 686 390 nomine
699 331 804 397 (luido,

105 427 205 484 Gentis
217 426 354 500 patricia,
372 443 418 480 ma
440 426 524 480 rrrodo
541 423 640 479 Remis
651 421 749 478 habet.

345 514 435 587 Super
455 516 619 571 Iohannem.

64 606 272 678 Intempestive
290 607 413 661 moritur
427 605 498 660 dum
515 607 608 659 morte
623 601 785 663 lohannes.

99 701 122 752 Α
141 696 242 752 mortis
258 694 465 751 saevosulritur
481 694 614 766 imperio.

65 786 140 841 Nam
157 786 254 858 potius
265 784 334 840 vivit
349 784 399 856 qui
416 783 458 840 sic
474 782 583 838 obiisse
598 779 723 837 videtur.

101 874 186 930 Nulla
202 873 359 942 voluptatis
375 871 479 929 techna
495 869 614 926 cohesit
630 871 665 925 ci.

67 965 146 1019 AElas
162 961 307 1035 ipsiusviu
319 979 428 1017 annum
441 961 619 1027 dimidiarat,

99 1055 164 1124 Ipsa
180 1048 355 1107 dieslavucri
368 1051 469 1106 usuriis
487 1054 514 1106 el
529 1049 593 1120 ipsa
610 1048 672 1104 luit.

60 1145 174 1198 Profuit
189 1158 257 1213 ergo
273 1140 328 1196 sibi
341 1141 547 1196 tantummodo
562 1140 652 1208 uratlu
667 1136 782 1204 Christi,

96 1235 163 1299 Quae
179 1236 278 1287 tansen
294 1235 322 1286 et
338 1231 419 1301 justa
438 1229 575 1300 prevenit
590 1226 761 1283 immeritos.

60 1325 133 1394 lingo
149 1322 304 1377 latendum
317 1318 389 1376 satis
407 1332 452 1374 est
463 1317 594 1373 inmorle
608 1316 763 1386 Jobannls,

97 1412 150 1479 Qui
168 1405 257 1467 nullis
272 1408 399 1466 moriens
415 1407 542 1480 indiguit
553 1406 696 1480 precibus.

287 1500 374 1569 Super
390 1497 507 1554 odonem
525 1513 654 1569 pueram·
937 1501 1013 1557 Patri
1032 1503 1175 1558 consulite
1193 1502 1240 1573 pia
1255 1519 1305 1573 pro
1318 1500 1475 1557 Putrevola
1489 1501 1631 1570 vovendo,

59 1591 138 1647 Urna
153 1584 250 1646 brevis
263 1588 457 1660 modicusque
468 1586 542 1659 lapis
554 1602 642 1658 super
662 1584 779 1641 additus
791 1600 880 1652 irrue,
897 1610 920 1685 B
936 1589 1055 1646 Necnon
1071 1595 1100 1645 at
1115 1591 1195 1644 vobis
1207 1591 1267 1660 jam
1285 1591 1320 1646 de
1336 1590 1630 1647 Patrasubstituendu

89 1681 213 1750 Signant
230 1678 381 1735 materiam
399 1677 475 1749 quod
494 1676 609 1730 foveant
633 1675 789 1730 modicam.
1144 1676 1325 1751 semanimo
1349 1695 1398 1736 suo
1410 1680 1548 1752 planctus.

53 1771 135 1836 Quod
150 1770 257 1843 premit
271 1765 502 1839 istelapispueri
515 1769 584 1821 suut
605 1782 672 1820 ossa
688 1763 797 1831 tenelli,
1008 1769 1165 1825 nostorum
1181 1768 1344 1841 speculum,
1361 1771 1461 1826 doctor
1473 1770 1608 1836 amanda,

92 1858 120 1914 si
133 1867 230 1914 tamen
246 1857 385 1913 uuasalis
401 1854 501 1911 duruit
515 1871 583 1909 osea
597 1853 669 1910 dies.
1004 1859 1147 1928 Majorum
1164 1858 1256 1913 titulis
1272 1860 1487 1931 aequiparande,

57 1949 130 2003 Pone
147 1940 548 2016 luitnatuspuerhicsimul
576 1945 664 2014 atque
696 1944 826 2012 renatus,
1004 1946 1487 2015 0Hubersetujgvjrvpnefflnd0‚

93 2037 192 2092 tiuare
212 2035 258 2090 vix
271 2033 374 2107 potuit,
393 2048 515 2105 rrroxque
532 2031 604 2087 mori
618 2029 731 2087 meruit.
1006 2038 1129 2093 immolo
1143 2039 1298 2108 perpetuas
1309 2036 1455 2110 exsequiis
1471 2038 1624 2107 lacrymas.

13 2170 17 2178 .
60 2127 141 2191 Quod
153 2130 251 2180 lamen
269 2124 404 2195 imposuit
434 2139 540 2178 nomen
565 2120 753 2194 properantia
779 2118 880 2176 mortis
1042 2131 1119 2180 alors
1135 2126 1269 2183 [audura
1285 2126 1368 2181 mihi,

94 2215 146 2270 His
163 2219 261 2286 pateat
275 2212 369 2285 signis
387 2228 393 2267 :
409 2213 475 2268 Otto
491 2227 563 2281 puer
575 2213 652 2281 jacet
663 2209 721 2266 bic.
1004 2214 1108 2270 ablato
1125 2213 1196 2269 mibi
1212 2220 1251 2284 te,
1268 2214 1413 2287 quaemihi
1428 2212 1563 2288 gaudia?

1007 2302 1157 2359 (laudandi
1173 2302 1265 2359 sublit
1279 2303 1454 2361 deliciantis.

1004 2388 1135 2463 Lugendl
1151 2391 1247 2462 datur,
1262 2391 1340 2448 beu!
1358 2391 1485 2464 pessima
1500 2392 1593 2465 copia,

1007 2481 1041 2535 Et
1052 2496 1155 2553 perpes
1171 2480 1365 2553 querimonis.

1039 2569 1087 2624 Vm
1106 2587 1170 2625 mea
1183 2573 1239 2625 vitu
1256 2571 1337 2626 mihi.

1006 2658 1153 2714 liubertus
1170 2658 1268 2730 patria
1285 2675 1353 2715 coru
1370 2663 1503 2731 paterna,

1005 2753 1142 2827 hlagduui
1157 2754 1263 2810 cecidit
1277 2755 1355 2812 clara
1365 2755 1494 2811 lucerua.

1003 2845 1043 2900 llx
1058 2861 1117 2917 quo
1133 2849 1236 2902 moesta
1251 2844 1322 2900 mihi
1340 2843 1387 2901 lux
1404 2842 1557 2909 hodierna,

1005 2932 1056 2989 Vix
1072 2930 1227 3005 aliquando
1242 2934 1303 2989 scio
1318 2933 1388 3005 quid
1405 2930 1514 2989 faciens
1530 2930 1612 3000 lucio,

1040 3020 1175 3078 Muretus
1191 3020 1264 3078 dura
1280 3021 1361 3077 mihi.

902 242 929 308 A
945 246 1077 302 Diximus
1093 262 1160 320 ergo
1177 248 1244 319 sibl,
1262 244 1415 307 Guillelmo
1432 264 1527 322 parce,
1545 252 1730 327 Redemptor,

951 335 987 392 Ut
1002 338 1109 394 nostris
1126 338 1223 394 itidem
1241 340 1389 409 concedat,
1405 341 1493 397 dicite
1506 343 1590 399 nobis

947 426 984 482 Ut
998 430 1099 500 procul
1115 432 1252 486 absentes
1263 431 1355 487 oratio
1371 436 1474 487 mutua
1486 433 1595 505 jungat

1158 519 1187 574 lu
1204 521 1295 574 rotula
1308 520 1340 575 de
1350 518 1435 576 Adam
1451 521 1556 577 otbuts.

948 607 1011 662 Hac
1024 607 1160 662 desolatis
1169 604 1273 664 solatia
1283 609 1466 682 Bargullani,

944 693 1067 751 Prossuit
1082 713 1115 751 ex
1130 695 1218 751 Adam
1235 698 1311 768 quod
1324 703 1420 754 voster
1431 699 1549 770 pertulit
1569 699 1674 755 adam.

943 787 997 842 Sed
1014 786 1098 858 quasi
1116 786 1273 858 pronihilo
1289 788 1421 843 llarctds
1442 796 1534 845 morte
1558 789 1686 861 querela,

944 875 1103 931 Prasenim
1120 891 1188 931 cum
1204 876 1555 935 sitmorsthristlnostra
1571 878 1694 936 medela.

942 968 1000 1021 Nec
1016 966 1107 1021 decrit
1123 967 1255 1022 medicus
1268 965 1322 1022 nisi
1335 966 1411 1023 dealt
1434 968 1480 1023 cui
1499 969 1658 1024 medeatur.

942 1054 964 1110 0
981 1054 1050 1109 l'slin
1066 1059 1184 1111 morbus
1201 1072 1280 1111 mors
1295 1056 1404 1112 Christi
1420 1057 1465 1112 aul
1483 1056 1654 1113 medicatur.

939 1144 998 1200 Vos
1014 1160 1130 1218 quoque
1141 1146 1257 1202 luxistis
1272 1144 1342 1218 quia
1359 1152 1439 1218 patre
1454 1147 1530 1202 bono
1545 1146 1692 1204 caruistis.

940 1234 1086 1291 Nimirum
1103 1234 1176 1305 patri
1194 1233 1261 1305 plus
1277 1250 1365 1308 quam
1381 1234 1463 1290 vobis
1473 1232 1619 1292 doluistis.

938 1319 995 1377 Neo
1007 1323 1127 1389 mirum,
1142 1320 1287 1397 lacrymas
1302 1325 1423 1381 extorsit
1436 1323 1535 1380 viscus
1546 1324 1667 1381 amaris.

939 1412 996 1468 Sed
1011 1412 1096 1467 cadat
1110 1412 1264 1468 istedolor.
1283 1418 1358 1468 Deus
1373 1418 1418 1469 est
1433 1412 1575 1469 medicina
1605 1410 1725 1470 doloris.

268 2306 357 2374 Super
375 2300 549 2357 buchardum
563 2301 674 2356 iterum.

63 2393 367 2452 RomuleosTuronus
383 2390 452 2446 licet
471 2388 686 2462 exsuperaverit
697 2392 790 2457 actus,

94 2483 202 2542 idililiae
219 2482 313 2538 titulis
327 2484 355 2537 ct
370 2479 513 2553 probitate
522 2496 577 2536 sua

56 2568 112 2641 To,
136 2572 311 2641 burcharde,
343 2575 440 2626 lamen
470 2570 656 2626 'turonenses
675 2565 879 2641 exsuperabas,

93 2663 201 2720 Militia
215 2660 309 2718 tiultis
324 2663 352 2715 et
367 2658 512 2733 probitate
527 2662 588 2714 tua.

54 2755 91 2809 ht
101 2752 300 2825 Langobardae
314 2751 382 2805 dum
399 2749 517 2805 tandem
531 2745 688 2819 proditioni

88 2842 223 2899 Occurris
234 2840 348 2911 vindex,
366 2837 609 2912 persequerisque
625 2852 699 2892 reos.

54 2931 196 2988 Hostibus
211 2936 298 3001 atque
313 2929 371 2985 reis
387 2933 415 2984 te
430 2928 528 2999 prodit
542 2926 675 2981 adultera
688 2925 804 2995 conjnx,

90 3020 197 3093 Sisque
212 3019 292 3074 cadis
308 3016 549 3074 modicovulnero
565 3030 689 3087 magnus
706 3013 802 3070 homo.

52 3112 163 3184 Corpus
172 3108 395 3180 magnanimum
407 3107 494 3162 modo
510 3102 877 3175 contegithocmonumeu·
1005 3110 1070 3167 Urit
1081 3116 1181 3167 nostru
1196 3108 1279 3168 dolor
1291 3108 1571 3173 eordamedulntua,

792 3188 876 3261 [mmo
1004 3199 1058 3254 Vix
1074 3217 1159 3257 rarus
1174 3203 1284 3256 recreat
1302 3198 1413 3256 viscera
1429 3197 1562 3271 spiritus.

1006 3288 1125 3345 liuberti
1140 3290 1267 3358 gemitus
1282 3304 1371 3345 causa
1386 3287 1418 3343 bt
1439 3288 1546 3345 exitus.

1006 3377 1079 3434 Hinc
1090 3383 1134 3434 est
1148 3378 1250 3435 creber
1271 3374 1428 3435 anhelitus.

1037 3469 1083 3524 Va
1097 3485 1159 3526 mea
1174 3468 1325 3526 vitamibi.

1005 3559 1067 3623 Quo
1078 3573 1130 3613 nos
1146 3556 1218 3613 alter
1233 3573 1296 3630 ego,
1313 3556 1363 3612 sed
1377 3552 1471 3628 magis
1486 3554 1575 3610 idem.

1004 3647 1063 3701 Hoc
1093 3644 1185 3700 univit
1199 3661 1282 3701 amor
1293 3642 1529 3715 toedrrepri-iem,

1003 3735 1062 3791 Nec
1077 3733 1146 3791 sorti
1164 3735 1249 3790 modo
1266 3751 1345 3789 mors
1360 3732 1459 3789 subdit
1474 3732 1579 3788 eidem.

1005 3823 1089 3879 Esset
1103 3821 1276 3879 obissemibi
1292 3821 1394 3894 gloria,
1409 3824 1496 3892 teque
1511 3820 1578 3876 lrui.

1039 3918 1115 3969 Mors
1130 3917 1181 3967 tua
1193 3913 1266 3967 dura
1281 3910 1364 3967 mihi.

1006 4004 1046 4059 Ex
1059 4016 1190 4072 quocum
1208 3998 1342 4072 lacrymis
1357 3999 1422 4072 plus
1437 4014 1489 4071 ego
1502 3999 1600 4071 lugeo,

1007 4092 1077 4147 llius
1091 4091 1155 4162 plus
1171 4091 1233 4163 ipse
1244 4090 1319 4159 quod
1331 4093 1376 4146 est
1393 4105 1438 4145 res
1455 4102 1529 4145 nova
1544 4084 1667 4161 gaudeo.

1007 4186 1119 4248 Quanto
1135 4180 1285 4252 displicuit
1300 4196 1346 4236 res
1360 4180 1569 4251 lacrymarum,

1008 4274 1100 4328 Tanto
1116 4271 1199 4326 triste
1215 4269 1309 4341 placet
1322 4269 1557 4342 pondusearum.

1007 4361 1145 4431 Displicet
1155 4367 1242 4432 atqua
1260 4356 1446 4429 placssillud‚
1477 4361 1636 4427 utrumque
1649 4344 1756 4426 placei.

1041 4450 1089 4505 Vas
1107 4465 1170 4504 mea
1185 4447 1337 4503 vitamibi.

88 3288 209 3362 Spiritui
226 3302 292 3343 vero
309 3301 405 3358 parce,
422 3281 547 3356 benigne
562 3289 647 3340 Deus.

346 3374 434 3445 Super
464 3374 595 3431 Troiiam.

52 3470 138 3528 Nulla
154 3471 187 3524 ut
201 3467 344 3525 immunis
360 3471 459 3521 elasa
479 3464 598 3521 vulnera
613 3463 727 3534 mortis,

88 3561 142 3615 llio
158 3560 242 3630 jaceo
256 3557 375 3628 juvenis
388 3554 505 3611 Troilus
519 3554 673 3611 exanimis.

109 3649 199 3718 Super
208 3646 378 3702 Ruinatslum
409 3647 565 3700 lismensem
579 3643 822 3714 archiepiscopum.

55 3738 192 3795 itemeusi
209 3736 316 3808 populo
333 3736 432 3791 lumen
462 3727 824 3804 lirmamquecolumnam‚

94 3826 270 3883 Ruinaldum
286 3824 394 3880 Christi
410 3823 504 3896 gratia
519 3820 692 3877 contulerat.

54 3916 108 3973 Hic
124 3932 241 3988 quoque
255 3914 372 3970 Martini
389 3912 524 3969 sublatus
535 3911 571 3966 ab
587 3906 742 3977 adamati,

94 4005 232 4061 Remensi
249 4003 374 4060 multum
392 4003 501 4074 proluit
515 3999 655 4056 ecclesia.

54 4102 139 4152 Hunc
150 4113 228 4151 mors
243 4097 273 4151 in
288 4099 370 4150 tauto
386 4093 535 4148 florentem
552 4091 721 4162 pontificatu

93 4185 207 4256 alligit,
218 4189 247 4240 et
262 4200 384 4240 vacuam
402 4182 468 4237 lecit
486 4181 556 4235 item
573 4179 751 4235 cathrrdram.

56 4274 160 4345 Pupilli
176 4274 253 4331 cives
269 4288 322 4345 pro
332 4277 420 4346 tanto¹
431 4270 554 4342 praesule
570 4270 683 4337 flentes,

92 4365 205 4434 Corpus
221 4363 367 4434 pontificis
383 4359 429 4415 his
445 4375 567 4431 posuere
582 4358 639 4415 sui.
896 4350 919 4418 D

56 4454 110 4510 Hic
126 4451 251 4525 populus
266 4451 356 4524 gleba
373 4450 478 4520 dignos
493 4448 645 4520 dispensat
655 4447 789 4508 bonores,

93 4543 249 4614 Dispensat
263 4541 378 4595 veniam
395 4538 599 4609 cunctipotens
615 4535 729 4593 animes.

56 4632 141 4688 Hnnc
154 4632 291 4687 duodena
306 4629 369 4684 dies
387 4628 490 4683 lebrui
503 4627 658 4698 praeunde
676 4623 826 4688 kalendas,

93 4720 231 4777 Destituit
248 4719 369 4784 mundo,
381 4715 593 4786 substituitque
609 4712 685 4786 polo.

216 4823 355 4881 lurotutc
369 4823 401 4878 de
427 4821 576 4877 Guittetmo
609 4820 717 4876 nitate.

56 4914 233 4972 (tuillelmus
244 4914 386 4987 quoniam
400 4927 497 4968 serum
515 4908 681 4982 properavit
699 4907 736 4965 ad
751 4922 827 4976 aeas,

57 5007 98 5062 hd
114 5022 173 5060 uon
184 5019 249 5061 asse
265 5004 333 5060 licet
343 5004 382 5058 sit
397 5002 478 5058 visais
495 4999 632 5072 primitus
647 4997 716 5054 issa.

55 5096 83 5150 Si
101 5098 199 5150 tamen
214 5103 239 5150 el
259 5108 419 5166 properans
437 5090 603 5161 properarit
623 5088 740 5145 tramite
757 5088 844 5143 recto.

57 5185 202 5240 Omnibus
217 5182 352 5239 hicclesias
367 5180 557 5254 gaudendum
570 5182 669 5234 censet
683 5176 786 5233 amicis

55 5273 86 5329 Si
102 5288 169 5328 vcro
182 5270 257 5327 lesit
273 5274 476 5342 properantem
495 5266 618 5339 quilibet
630 5281 723 5336 error,

54 5365 159 5418 Pascat
178 5360 204 5416 ei
222 5360 338 5417 veniam
353 5358 402 5429 pia
413 5358 535 5413 fratrum
549 5353 728 5420 sollicitudo,

61 5449 235 5521 Quavotiva
248 5453 338 5505 Deum
357 5445 479 5519 supplex
493 5450 522 5502 et
536 5442 640 5503 sedula
653 5441 760 5516 pulset.

1006 4539 1157 4611 Singultus
1167 4537 1276 4609 peperit
1290 4534 1422 4591 carmina
1435 4532 1558 4589 lubrica.

1006 4632 1088 4687 Haud
1106 4624 1309 4697 arcentelessos
1325 4627 1454 4680 claustra
1470 4622 1582 4696 poetica

1006 4719 1169 4788 Te,doctor‚
1185 4712 1307 4787 replicat
1323 4710 1561 4785 nostraquarala,

1007 4809 1090 4865 Hunc
1102 4806 1236 4862 morbum
1251 4802 1321 4870 leni,
1338 4803 1390 4873 ait,
1407 4802 1488 4858 nulla
1502 4798 1625 4857 medela.

1008 4897 1085 4953 ltors
1100 4892 1173 4949 mibi
1184 4897 1214 4948 ta
1227 4890 1280 4946 tibi
1295 4904 1340 4946 me
1351 4888 1550 4961 compositura
1563 4884 1669 4961 placet.

1042 4989 1130 5051 Mors,
1147 4996 1228 5053 rogo,
1242 4996 1306 5035 sera
1320 4978 1397 5036 veui.

1106 5075 1147 5126 lic
1160 5067 1280 5125 Gerordo
1292 5066 1436 5124 toodunss
1450 5066 1589 5133 entreats.

935 5167 1057 5222 lantum
1070 5160 1216 5216 Geranios
1229 5157 1329 5214 laudes
1345 5157 1413 5212 dum
1430 5155 1569 5212 laudibus
1584 5154 1676 5222 auxit,

973 5253 1052 5321 Quod
1069 5250 1192 5321 dignum
1217 5247 1333 5315 maguis
1359 5242 1497 5301 laudibus
1520 5246 1622 5301 Annus
1653 5243 1758 5303 habet:

936 5347 1082 5412 Quantum
1096 5337 1236 5393 doctrinis
1247 5334 1416 5408 Ciceroque,
1431 5335 1573 5407 Marsque
1585 5332 1708 5405 Latinis,

971 5434 1043 5491 Nam
1056 5429 1139 5487 nobis
1156 5426 1230 5485 alter
1246 5424 1329 5483 fulsit
1342 5423 1527 5484 Aristoteles.
