3788 6000
89 184 167 244 titt
570 180 672 266 usus
693 179 858 243 OllDlNlS
879 179 1052 243 etsruec.
1076 212 1116 231 -·
1136 183 1237 248 PARS
1257 185 1311 251 Π.
1716 192 1795 256 illd

87 333 151 391 sem
166 316 274 374 babeat
285 315 314 372 ln
327 318 484 384 conventu,
499 314 615 371 etitmsi
628 315 730 370 eedem
740 312 787 370 die
801 313 912 370 unevsl
929 315 957 384 Α
974 320 1116 388 ponentes
1132 315 1234 375 illude
1249 323 1331 392 perte
1346 321 1517 394 meridiana,
1533 328 1641 383 exuent
1662 327 1792 386 cucullas

88 407 153 463 due
168 407 267 463 misses
281 409 404 461 eentatss
419 404 528 460 luerint
542 408 594 459 aut
608 404 769 460 canende.
789 404 870 468 Quod
887 404 912 459 si
969 408 997 460 et
1011 406 1072 461 sint
1086 407 1177 478 pereti
1189 409 1224 463 ad
1236 411 1635 482 corpussepeliendum.Quo
1646 417 1794 475 tumulato

57 556 60 563 ,
89 495 251 552 necessitas
266 493 408 565 temporis
423 497 474 548 aut
488 491 684 550 solemnitatis
694 492 845 563 precipue
857 509 914 548 nou
970 494 1097 550 reinduti
1113 496 1256 568 cucullus,
1273 505 1454 556 revertentur
1465 503 1502 557 ed
1516 502 1639 560 chorum
1653 506 1795 562 inordine

89 585 267 661 permiserit,
284 584 387 640 seltem
404 585 517 655 private
530 582 622 639 misse
638 598 688 654 pro
703 597 737 637 eo
752 582 878 650 dicetur,
890 582 915 639 si
973 597 1037 641 suo.
1054 584 1169 641 Fretres
1185 602 1251 642 vero
1266 593 1411 645 vertentes
1440 590 1528 646 lecies
1556 593 1592 648 ad
1621 592 1794 649 alterutrum

90 674 163 732 bura
176 690 234 729 non
246 672 422 745 impedierit,
434 679 462 728 et
477 672 641 727 seeundum
654 669 856 727 distinctiones
868 670 917 727 bo·
972 687 1105 730 seorsum
1121 675 1158 730 eb
1173 675 1277 733 shbste
1300 682 1365 750 post
1379 694 1428 734 eos
1438 687 1588 738 uenientes
1603 681 1644 738 its
1655 681 1793 739 ordinen-

89 780 200 832 rerum,
217 779 291 835 ques
302 761 442 828 diximus,
458 761 629 834 sepeliatur.
646 760 801 817 Sciendum
817 768 916 816 autem
973 766 1031 828 tur,
1048 767 1081 817 ut
1093 765 1205 834 priores
1216 768 1276 822 sint
1290 773 1400 838 aperte
1415 768 1555 826 defuncti.

90 854 168 926 quod
184 869 236 925 pro
251 852 305 907 hec
321 850 494 907 necessitete
507 849 647 907 omnibus
668 849 772 906 diebus
789 850 916 920 jejunio·
1006 850 1125 907 Interim
1141 854 1232 911 ebbae
1247 856 1376 913 ol'ficium
1393 873 1545 930 peregens,
1560 859 1631 916 solis
1650 858 1793 919 ministris

89 940 526 1012 runrextraQuedrsgssimem
557 956 652 1012 usque
680 940 716 995 nd
745 938 915 1008 Nouem,in
976 938 1796 1022 sibirespondentibus,sttumulusuondumparetusest

90 1032 322 1105 Qtredregesima
334 1031 472 1104 usquead
483 1030 640 1103 Vesperes,
652 1033 849 1104 temporeque
859 1046 915 1086 non
972 1043 1038 1083 oum
1056 1028 1091 1083 ed
1108 1030 1276 1087 Temeritatis
1286 1033 1395 1105 quidem
1403 1037 1523 1106 venerit,
1538 1037 1794 1110 dicetdssequen-

87 1123 260 1196 jejunemus
272 1136 365 1192 usque
379 1119 413 1175 ad
431 1119 587 1192 prandium
604 1118 712 1192 poterit
741 1120 832 1175 misse
859 1117 916 1176 dici
974 1117 1053 1173 tibus
1068 1117 1213 1188 collectis,
1230 1119 1447 1179 haeresesveta.
1461 1125 1524 1189 Quo
1539 1133 1696 1199 preparato
1711 1136 1794 1185 ente·

92 1228 145 1284 pro
161 1212 310 1267 defunctu.
972 1221 1058 1277 quem
1076 1206 1191 1264 inchoet
1207 1209 1301 1280 ipsem
1321 1211 1490 1282 Collectem,
1515 1220 1649 1286 asperget
1672 1233 1792 1289 corpus,
1878 1198 1881 1203 ¹

130 1299 160 1356 Si
179 1299 303 1356 deluerit
315 1299 345 1353 in
361 1300 504 1353 conventu
518 1295 653 1369 quiheue
664 1295 916 1354 moresolitocen·
972 1300 1075 1369 postes
1092 1298 1210 1356 lessam.
1227 1298 1337 1356 Deinde
1352 1302 1520 1359 tburillceto
1539 1321 1670 1377 corpore,
1701 1307 1796 1365 tradet

92 1393 155 1446 tere
169 1387 272 1455 valent,
285 1388 374 1443 trater
387 1387 424 1443 de
436 1385 482 1442 vis
495 1385 615 1442 veniens
631 1384 668 1457 (si
683 1385 737 1458 est)
759 1384 813 1443 hou
828 1386 919 1441 adim·
970 1384 1155 1442 thuribulum
1168 1385 1211 1442 illi
1226 1388 1276 1459 qui
1293 1392 1338 1444 est
1351 1389 1380 1444 in
1398 1390 1487 1459 losse,
1502 1398 1534 1447 ut
1544 1408 1608 1448 sam
1633 1393 1794 1453 thurilloet.

93 1477 180 1552 pleet.
196 1477 225 1532 si
240 1476 289 1532 ille
304 1476 438 1544 deluerit,
454 1474 562 1547 aliquis
578 1475 614 1531 de
628 1473 824 1531 infirmitorio.
840 1473 870 1532 Si
890 1478 919 1530 et
972 1473 1098 1546 Moxque
1113 1474 1276 1548 deponetur
1290 1483 1445 1550 eorpus,et
1457 1481 1562 1536 iterum
1576 1488 1749 1554 aspergetur
1759 1483 1797 1539 eb

91 1568 215 1624 ieteuon
225 1567 331 1633 aderit,
341 1566 428 1622 freter
442 1565 578 1638 quemvis
589 1563 758 1620 illusionem
768 1563 843 1636 (tlt)
853 1579 918 1636 pas·
973 1561 1091 1633 ebbste,
1105 1567 1135 1619 et
1150 1564 1186 1619 ab
1202 1563 1252 1620 illo
1267 1564 1359 1636 quiin
1374 1567 1454 1623 losse
1464 1572 1509 1623 est
1530 1568 1724 1627 thurificetur.
1734 1569 1798 1635 Ouo

92 1675 145 1716 sus
161 1657 215 1714 hou
227 1656 325 1713 faciet.
342 1656 371 1710 Si
387 1671 454 1712 varo
470 1653 562 1711 etiste
575 1653 711 1724 deluerit,
726 1651 919 1710 licentebheti
975 1656 1086 1722 operto,
1103 1651 1194 1709 ebbae
1208 1668 1373 1725 supereum
1395 1659 1503 1712 terrem
1529 1657 1618 1714 semel
1651 1659 1798 1731 projiciat.

94 1747 139 1804 vel
156 1746 207 1802 uni
223 1746 258 1801 de
270 1744 410 1800 tratribus
421 1744 624 1801 secerdotibus
636 1741 806 1799 monasterii
815 1758 921 1799 secun·
973 1741 1035 1804 Quo
1051 1740 1136 1808 tacto,
1153 1741 1283 1798 retrehut
1298 1759 1328 1799 se
1339 1749 1440 1800 contre
1455 1745 1634 1816 sepulcrum,
1652 1746 1798 1819 incipieus

97 1838 165 1893 dem
182 1835 302 1892 missam
317 1839 445 1890 cautere.
463 1837 605 1890 Prnsents
620 1831 923 1889 nihilominusdelun-
974 1829 1142 1886 Temeritatis
1157 1831 1268 1904 quidem
1278 1833 1422 1889 ordinetis
1432 1839 1499 1890 ante
1513 1851 1579 1891 eum
1596 1851 1692 1903 cruce,
1709 1835 1800 1893 lumi·

97 1931 144 1983 eto
160 1926 204 1982 vel
220 1929 286 1982 ente
302 1922 482 1996 sepulturem
501 1921 547 1978 vel
564 1927 637 1994 post,
653 1921 820 1989 cedemdie,
840 1936 922 1977 exce·
975 1932 1022 1985 ne,
1033 1917 1196 1986 thuribulo,
1221 1937 1298 1992 aqua
1319 1921 1480 1990 benedicte,
1502 1931 1527 1980 et
1548 1924 1590 1980 sic
1612 1933 1798 1983 consummet

97 2015 155 2089 ptis
169 2013 349 2087 supradictis
365 2013 473 2080 tribus,
503 2010 719 2068 diebusnnllus
738 2010 795 2066 nisi
824 2026 922 2083 proso
975 2011 1151 2080 ceteraque
1163 2012 1640 2080 restent.Quibuseousummatis,
1654 2014 1799 2086 iucipien-

99 2105 219 2161 miseeru
235 2109 351 2159 centare
361 2109 517 2175 presumet
533 2117 540 2156 :
555 2100 612 2156 nisi
624 2100 787 2158 secundum
798 2099 923 2172 disposi·
973 2100 1018 2150 tes
1031 2106 1134 2166 septem
1150 2100 1270 2155 Psetmue
1283 2101 1499 2170 Peniterrtr'ules,
1513 2105 1737 2159 revertentured
1752 2120 1799 2161 ec·

98 2195 208 2251 tionem
218 2192 344 2260 ebhetis,
355 2193 582 2264 quendutretres
592 2189 923 2247 communiceredebant
974 2183 1093 2241 olesiem
1113 2201 1194 2243 verso
1210 2190 1323 2258 ordino,
1339 2188 1449 2246 scilicet
1464 2189 1546 2247 leicis
1561 2193 1714 2249 monechis
1725 2210 1798 2265 pres·

98 2288 149 2339 eut
163 2282 304 2339 ottloisles
315 2282 415 2337 audire
425 2282 560 2338 convenit
570 2280 690 2336 missam
703 2280 731 2335 in
742 2279 840 2352 ulique
850 2296 921 2350 pres·
973 2276 1123 2345 euntibus,
1140 2282 1169 2332 et
1190 2277 1215 2333 si
1238 2277 1346 2334 luerint
1368 2279 1481 2350 novitii,
1498 2287 1564 2336 esnt
1582 2282 1668 2352 primi
1684 2289 1729 2338 :et
1749 2281 1798 2338 in·

100 2374 185 2444 cipue
200 2370 365 2428 testivitate.
974 2363 1065 2437 gressi
1078 2364 1207 2421 medium
1223 2366 1357 2437 chorum,
1368 2372 1446 2424 stent
1461 2384 1494 2424 eo
1514 2369 1615 2426 ordine
1631 2386 1688 2443 quo
1708 2387 1796 2428 vene·

392 2458 510 2515 CAPUT
529 2457 623 2514 XCIX.
974 2462 1054 2523 runt,
1067 2459 1158 2514 donec
1173 2460 1374 2516 secerdotese
1398 2461 1543 2532 superiori
1569 2471 1650 2533 perte
1670 2469 1798 2535 proster-

244 2553 303 2620 Qeru
317 2548 414 2604 ordine
427 2550 558 2621 efferetur
576 2549 615 2603 ud
628 2548 778 2605 termulum.
975 2552 1093 2603 nentur.
1107 2547 1226 2605 lntsrim
1242 2549 1333 2604 ebbae
1343 2558 1447 2606 exutus
1457 2555 1536 2608 veste
1547 2551 1720 2608 secerdotali
1731 2569 1801 2625 pro·
1866 2622 1869 2627 .

139 2644 212 2698 llum
229 2639 395 2694 efferendus
404 2638 535 2693 tuerttud
545 2636 705 2707 tumulum,
719 2637 921 2694 induetureb-
975 2640 1087 2692 sternat
1097 2654 1127 2692 se
1139 2639 1168 2692 iu
1190 2638 1372 2712 presbyterio
1382 2639 1559 2711 anteultnre‚
1571 2644 1600 2696 et
1611 2641 1723 2712 priores
1734 2645 1803 2714 post

104 2731 157 2787 bes
173 2728 248 2793 elba,
265 2726 352 2789 stole,
364 2725 513 2796 manipulo
530 2741 596 2780 cnm
609 2725 712 2781 hsculo
729 2729 778 2780 :et
808 2724 923 2797 pulseto
975 2742 1054 2781 eum.
1071 2726 1150 2790 Quod
1167 2728 1192 2783 si
1208 2726 1282 2783 elius
1299 2728 1367 2784 lecit
1386 2730 1573 2800 obsequium,
1590 2741 1694 2787 exutus
1718 2736 1799 2786 veste

98 2822 183 2890 signo
201 2818 277 2872 sicut
292 2816 327 2871 nd
340 2815 475 2880 missem,
489 2813 539 2885 qul
550 2814 679 2886 pselmos
693 2818 825 2882 oentent,
842 2814 923 2869 linito
975 2815 1149 2872 sacerdotali
1166 2822 1365 2886 prosternetur
1375 2818 1406 2874 in
1420 2820 1624 2891 primoordine
1634 2819 1711 2876 inter
1722 2821 1801 2892 prio-

100 2908 213 2981 psnlmo
228 2912 385 2963 vertentes
404 2905 440 2960 ed
457 2907 557 2961 eltare.
569 2905 743 2960 hhbasvero
754 2909 783 2959 et
794 2902 845 2975 qui
856 2920 920 2959 eru·
976 2920 1031 2959 res.
1052 2905 1119 2959 Post
1130 2903 1260 2976 psslmos
1275 2906 1370 2962 dictos
1384 2909 1513 2980 lleqtrr'em
1528 2917 1660 2964 aeterrrum
1677 2912 1705 2963 et
1719 2907 1799 2981 quod

98 3015 173 3064 cem,
186 2997 298 3056 lumen.
310 2996 474 3060 incensum,
496 3009 562 3049 cum
584 2992 736 3049 thuribulo
755 2998 785 3049 et
814 3008 921 3063 equem
977 2992 1007 3047 in
1024 2993 1194 3050 collectaneo
1209 2994 1343 3062 hebetur,
1361 2995 1522 3053 discedent.

100 3088 280 3144 benedictam
299 3087 396 3140 lerunt
411 3102 421 3140 :
436 3084 608 3141 ordinentur
622 3083 658 3139 ed
675 3088 763 3153 ceput
792 3081 922 3138 defuncti
941 3054 964 3122 C
1014 3086 1128 3140 Fratres
1144 3085 1193 3155 qui
1211 3091 1292 3140 extre
1306 3084 1427 3140 chorum
1438 3092 1507 3141 sunt
1519 3086 1801 3157 prointtrmitete,et

97 3177 152 3233 hoc
169 3176 265 3232 ruodo.
284 3175 367 3230 Prius
378 3191 464 3245 equs,
476 3178 578 3245 postes
589 3171 688 3228 lumen
707 3171 830 3228 :deinde
840 3187 921 3240 crux,
977 3173 1082 3230 minuti
1098 3173 1133 3228 ed
1149 3176 1257 3229 exitum
1268 3174 1419 3230 morientis
1434 3179 1462 3230 st
1472 3176 1508 3231 ed
1520 3176 1713 3246 sepulturam,
1725 3182 1753 3232 et
1765 3175 1802 3233 ed
1824 3186 1829 3194 '
1885 3202 1889 3223 ι

102 3266 224 3322 ultimus
241 3264 342 3320 abhus.
359 3261 577 3318 Thurilererius
591 3264 751 3331 verojuxta
766 3261 922 3315 ebbetem:
977 3268 1087 3334 septem
1099 3262 1231 3318 Pserimos
1243 3268 1308 3334 post
1324 3264 1506 3335 sepulturum
1522 3266 1547 3320 si
1564 3265 1686 3334 possint,
1698 3265 1802 3320 ordine

97 3360 130 3409 ut
158 3355 273 3426 quoties
295 3352 386 3408 ebbes
411 3367 519 3422 corpus
543 3349 752 3406 thuritloeverit
774 3349 809 3404 ed
834 3349 922 3405 finem
977 3369 1030 3409 stro
1046 3351 1217 3407 consistent.
1234 3352 1283 3406 Sin
1300 3360 1409 3419 autem,
1430 3352 1699 3424 impossibilitatem
1716 3369 1802 3409 suum

99 3442 331 3513 uniuscujusque
347 3441 489 3506 collecte,
508 3445 642 3511 peretum
658 3439 770 3495 tribuet
784 3439 810 3494 ei
828 3438 924 3494 thuri·
978 3440 1074 3498 abbeti
1090 3445 1249 3512 suggerent
1265 3456 1271 3495 :
1289 3440 1380 3497 ehbis
1391 3457 1457 3497 vero
1474 3442 1581 3515 quein
1603 3441 1727 3499 ecclesie
1751 3457 1805 3514 pro

98 3531 214 3600 bulum,
234 3536 338 3587 caestor
352 3547 420 3589 vero
436 3529 479 3585 vel
494 3530 540 3584 oui
557 3529 619 3600 ipso
644 3528 812 3599 injunxerit,
827 3533 923 3584 teneret
976 3548 1009 3588 eo
1020 3536 1160 3603 aguntur,
1170 3529 1378 3602 permittentur
1388 3526 1500 3587 abesse.
1510 3532 1564 3598 Qui
1576 3530 1604 3586 ln
1617 3531 1803 3587 infirmitorio

98 3623 123 3678 ei
140 3621 350 3678 collectaneum.
369 3623 487 3675 iuterim
504 3620 608 3675 t'retres
619 3622 771 3674 vertentes
784 3618 819 3673 ad
836 3618 923 3674 slter·
977 3626 1056 3690 sunt,
1071 3621 1096 3677 si
1106 3623 1265 3691 potuerint,
1277 3619 1587 3677 similiterordinesuo
1598 3620 1805 3678 exeentedtu·

104 3716 212 3767 utrum.
230 3707 349 3778 Expleto
366 3709 462 3778 itaque
473 3707 584 3773 cilicio,
600 3711 646 3761 cat
669 3707 877 3762 thuriferarius
893 3707 922 3761 in
979 3709 1103 3764 mulum.
1117 3709 1233 3765 tteversi
1246 3725 1313 3765 vero
1328 3709 1358 3764 ln
1369 3711 1522 3766 ecclesiam
1535 3715 1617 3765 extra
1628 3709 1762 3776 chorum,
1772 3725 1803 3766 ee

101 3801 233 3856 ordinem
249 3813 350 3862 suum,
366 3797 477 3852 scilieet
492 3796 568 3850 inter
579 3794 679 3851 lumen
703 3799 732 3850 et
753 3810 871 3865 equsm.
890 3795 923 3850 llt
977 3802 1159 3869 prosternent
1174 3797 1251 3852 sicut
1261 3804 1289 3852 et
1306 3798 1414 3853 novitii.
1440 3798 1576 3854 Conversi
1590 3803 1688 3853 eutem
1705 3799 1735 3853 in
1749 3813 1803 3855 suo

98 3883 923 3959 tuncimpositehntiphoueecentore,exeentcentendo
977 3883 1167 3941 chorovelin
1190 3885 1366 3942 retrochoro.
1390 3885 1501 3942 Dehine
1526 3887 1599 3941 ssent
1627 3886 1711 3958 plura
1741 3887 1806 3942 bre·

100 3978 243 4040 psalmos,
270 3976 381 4031 scilicet
408 3977 440 4032 ln
468 3975 546 4030 exitu
565 3973 672 4035 lsruet,·
693 3972 872 4042 Confitemim
896 3973 922 4029 l.
978 3975 1023 4030 vie
1037 3974 1125 4044 (tte),
1142 3988 1206 4043 ques
1220 3972 1329 4028 denter
1345 3974 1473 4045 portario
1497 3973 1702 4031 distribuendo
1722 3989 1806 4046 pere-

100 4065 333 4138 Quemmtmmtem
346 4082 357 4128 ,·
378 4065 517 4133 «demente,
533 4065 657 4131 homene,
675 4061 782 4131 heetd;
801 4063 923 4134 Domine,
977 4062 1080 4136 grinis.
1091 4061 1238 4132 Quidquid
1249 4077 1315 4117 veru
1327 4078 1379 4133 pro
1390 4079 1424 4119 eo
1435 4063 1633 4136 tltentequem
1647 4070 1728 4120 terre
1741 4068 1805 4120 tre·

98 4157 246 4230 preteeti:
268 4157 393 4223 ltomtne,
413 4155 551 4216 clemeri:
579 4153 643 4208 Vere
662 4167 721 4208 mee
734 4154 762 4206 2.
792 4150 824 4206 m
857 4156 925 4224 post
978 4154 1076 4218 detur,
1092 4151 1147 4207 erit
1162 4154 1244 4206 extra
1258 4150 1390 4207 debitum
1407 4154 1522 4223 quodsi
1539 4154 1672 4209 debetur.
1688 4153 1804 4210 Hooest

100 4247 233 4303 Psalmos
245 4246 360 4300 dicatur
375 4247 484 4300 Versus
499 4243 628 4314 lteqee'em
644 4245 787 4311 aetemem,
802 4244 832 4296 et
842 4239 925 4296 Anti·
975 4245 1073 4296 sutem
1092 4239 1237 4308 debitum,
1256 4246 1288 4296 ut
1304 4241 1428 4298 collecta
1442 4259 1495 4316 pro
1514 4259 1548 4299 eo
1563 4242 1678 4300 dicetur
1694 4245 1723 4299 in
1734 4259 1803 4300 eon·

97 4337 193 4409 phone
211 4336 317 4392 Chorus
331 4334 505 4406 repeterem,
525 4338 554 4388 et
582 4332 682 4388 stetim
712 4331 925 4387 clementissime
975 4335 1062 4385 ventu
1079 4329 1114 4385 ed
1131 4328 1260 4385 cilicium
1274 4330 1491 4399 detunctorum,
1504 4331 1532 4387 in
1543 4331 1718 4404 Vesperiset
1729 4337 1803 4390 Leu-

100 4424 226 4494 Domiee,
239 4423 396 4490 cantando,
410 4426 439 4478 et
449 4420 648 4488 dumdicitur,
664 4413 965 4489 Domine,mtsererell
981 4418 1068 4475 dibus
1083 4433 1176 4489 usque
1191 4419 1227 4474 ed
1243 4418 1423 4477 tricesimum
1436 4421 1514 4476 diem
1533 4437 1541 4476 ε
1557 4421 1668 4478 scilicet
1678 4422 1804 4477 Deescut

101 4530 183 4587 seper
195 4522 348 4586 peccatore,
363 4507 923 4583 omnsspetentveniemlnoedentau·
978 4507 1121 4580 proprium
1136 4514 1185 4573 eet,
1208 4510 1238 4563 et
1257 4506 1317 4564 hee
1340 4510 1441 4564 eedem
1465 4509 1494 4565 in
1522 4510 1612 4564 misse
1633 4509 1805 4579 quotidiana

102 4611 162 4662 tem
176 4620 210 4661 eo
224 4605 326 4662 ordine
336 4605 479 4674 quostsnt
489 4600 518 4657 in
532 4600 620 4659 choro
633 4599 836 4657 sacerdotibus
851 4615 926 4672 pre·
979 4597 1084 4653 diebus
1100 4596 1221 4652 totidem
1237 4602 1395 4668 repetatur.
1407 4597 1521 4663 Quibus
1536 4597 1640 4665 linitis,
1656 4597 1805 4656 tricesimo

100 4695 261 4750 euntibus:
279 4694 319 4750 ita
330 4697 362 4748 ut
374 4692 520 4748 ebbaseet
530 4690 644 4763 primus
654 4688 766 4746 scilicet
779 4693 846 4761 post
856 4704 925 4744 cru·
979 4687 1026 4743 die
1040 4689 1286 4742 commemorante
1299 4689 1423 4740 cantore
1437 4684 1606 4741 absolvetur
1620 4687 1649 4741 in
1665 4683 1804 4757 ospitulo,

101 4799 174 4847 cem,
188 4781 290 4839 novitii
305 4798 373 4837 vero
388 4783 455 4852 post
467 4779 636 4836 monachos.
659 4778 715 4834 Sed
744 4780 773 4833 et
801 4780 926 4848 quetuor
979 4784 1008 4833 et
1018 4780 1088 4832 tuoe
1098 4775 1295 4845 conjungatur
1309 4773 1339 4828 in
1354 4772 1522 4842 Culleolum,
1543 4773 1654 4853 scilicet
1668 4773 1802 4846 omnipo·

99 4870 203 4927 tretres
214 4868 257 4925 vel
276 4869 374 4942 plures
389 4869 512 4939 epriors
522 4866 639 4938 provisi,
654 4865 750 4922 induti
759 4864 925 4937 suspulerie
979 4870 1039 4922 tem
1049 4865 1216 4935 sempiterne
1226 4867 1298 4919 Dese
1310 4865 1517 4936 ceinesqmm.
1530 4865 1565 4920 tet
1577 4865 1613 4920 sb
1626 4880 1805 4938 unoquoque

100 4959 208 5014 subtus
225 4957 354 5014 cucullas
376 4956 534 5014 sustollant
555 4970 670 5027 corpus.
693 4953 807 5024 Aliquis
827 4959 923 5010 sutem
978 4953 1130 5010 secerdote
1144 4959 1200 5008 tres
1214 4951 1304 5008 llirsae
1313 4951 1460 5023 privatim,
1472 4956 1500 5009 st
1511 4953 1735 5025 ebunoquoque
1744 4951 1803 5010 cle-

100 5052 254 5103 remsueet
268 5046 319 5118 qui
334 5047 361 5104 ei
381 5046 534 5102 ecclesium
550 5049 579 5101 et
592 5044 751 5100 claustrum
766 5044 922 5102 custodiet.
978 5043 1038 5099 rlco
1049 5037 1231 5106 Prelterr‘rem,
1242 5044 1269 5095 et
1277 5038 1433 5112 quiipsum
1443 5041 1592 5114 ignorent,
1600 5042 1709 5099 centies
1717 5039 1805 5115 quin·

98 5135 174 5191 llum
190 5138 225 5192 ed
237 5135 385 5192 tumulum
396 5134 591 5207 pervenerint,
601 5132 692 5190 ehbee
701 5136 729 5189 et
738 5131 866 5188 ministri
876 5151 924 5190 or·
978 5130 1105 5204 quegies
1120 5127 1249 5184 Niserere
1261 5127 1328 5196 mei,
1345 5130 1424 5186 uest.
1440 5129 1495 5195 Oui
1507 5131 1596 5187 etiem
1607 5129 1704 5203 ipsum
1717 5130 1802 5203 iguo·

99 5226 237 5281 dinentur
251 5225 286 5281 ad
303 5227 392 5297 eaput
407 5225 500 5281 losse.
518 5222 572 5290 Qui
587 5237 654 5278 vero
664 5237 771 5294 eorpus
787 5221 924 5279 deterunt
978 5222 1055 5286 rant,
1071 5217 1158 5275 toties
1169 5217 1253 5272 Peter
1260 5221 1353 5274 meter
1363 5219 1471 5276 dicent.
1483 5220 1513 5276 ei
1524 5220 1574 5293 qui
1588 5219 1682 5276 nostri
1692 5218 1804 5277 ordinis

130 5351 206 5423 (11⁷)
221 5351 397 5418 illusionem,
412 5366 481 5477 erpo
495 5354 613 5421 excepte
634 5348 805 5433 hujusmodi
821 5365 924 5407 neees-
1013 5343 1089 5416 (1¹8)
1103 5341 1215 5409 ermis,
1226 5341 1255 5397 id
1272 5351 1317 5398 est
1333 5343 1491 5411 schedule,
1514 5345 1661 5402 orationes
1686 5347 1715 5400 et
1737 5344 1805 5401 sul·

96 5422 178 5549 sbitate
196 5439 253 5480 uon
271 5421 406 5480 solebant
421 5422 440 5479 il
457 5421 588 5479 usionem
606 5437 685 5494 pessi
710 5423 830 5479 missam
846 5422 923 5479 cele·
978 5415 1073 5547 {Legis
1088 5430 1140 5488 pro
1151 5411 1290 5470 defuneto
1301 5415 1337 5471 eb
1353 5414 1418 5473 eliis
1442 5416 1631 5474 monasteriis
1656 5415 1806 5490 postulan-

121 5510 197 5551 rsre.
1027 5530 1034 5545 .
