3796 6000
135 185 214 253 asts
579 180 760 243 antomcr
783 179 975 251 oritausts
994 179 1179 247 laoniae.
1208 176 1397 241 orsaorsa.
1788 176 1845 241 rau

137 320 248 395 pertine
262 316 409 388 periturus
420 314 485 372 ila
503 314 629 373 lonasse
642 333 706 389 qua
717 321 783 373 aeta
808 315 916 372 luarlnt
930 316 967 373 ds
981 316 1008 384 Α
1023 317 1052 372 ln
1068 314 1207 380 metallis,
1223 328 1275 370 neo
1289 314 1319 370 la
1334 310 1493 386 lapidibus,
1508 312 1558 369 aad
1572 312 1607 368 ln
1621 309 1747 383 templo
1761 304 1848 370 aaut

139 411 216 464 socio
232 411 282 460 tuo
298 402 442 467 Marcello,
459 404 550 460 simili
568 421 665 461 errore
681 407 813 477 decepto,
829 407 864 461 ad
882 410 962 461 tuem
1018 409 1129 460 eterna
1146 401 1334 459 beatitudinis
1348 402 1443 471 gratia
1458 400 1619 474 reperitur.
1635 422 1651 450 n
1868 460 1872 477 Ι

139 492 962 565 minianenotitinmpervenerunt?Gonsuletibi,deorum
1054 493 1172 551 Priscus
1191 506 1297 561 praeses
1325 490 1419 545 dixit:
1447 488 1692 551 Gircumstantia
1722 488 1845 560 puniendi
1872 545 1874 552 ,

136 583 346 640 immortalium
377 582 501 641 numina
529 585 707 642 venarando.
723 583 872 656 (leprosos
900 600 965 656 quas
1019 580 1233 655 supplioianon
1251 578 1407 650 pavescis?
1421 579 1456 639 ΙΙΙ
1468 577 1786 650 velotiustissoaturus
1799 579 1847 649 ¹itt,

139 674 250 731 adorari
268 672 460 729 sacratissimi
478 673 666 744 imperatoris
682 673 812 730 decernit
839 675 966 728 auotori—
1016 671 1215 743 judicaturus]
1237 669 1366 740 judicem
1392 683 1467 723 vana
1491 669 1630 740 quasdam
1662 667 1848 725 deliramenta

138 769 203 821 tae:
221 780 284 834 quas
301 768 329 817 et
354 766 451 833 putres
476 761 567 818 nostri
592 763 738 829 viderunt,
753 768 781 821 et
797 780 850 821 noa
865 779 966 827 eorum
1021 760 1215 834 pronuntias?
1231 764 1312 817 Nunc
1335 758 1499 816 evidentius
1520 759 1705 832 approbatis
1733 775 1848 815 meorum

140 851 968 925 ettipiaasanctissimasadoramus‚etquorumprogenies
1022 852 1158 906 virtutem
1176 850 1523 913 numinum,antvaaam
1540 847 1654 904 Deitui
1685 849 1849 920 potentiam,

141 943 221 998 coelis
234 940 475 997 mnnil'eatissima
491 941 904 1012 dominatur.0mnipotentom
915 941 967 997 ita·
1022 941 1053 995 ln
1068 942 1214 995 tormenta
1230 937 1525 994 deliniensmSanctus
1536 936 1728 993 Valerianus
1743 954 1849 1010 respon·

141 1048 198 1103 qne
209 1031 353 1094 invemat
366 1028 380 1084 Ι
387 1046 512 1084 arronem
526 1031 550 1099 ej
558 1046 591 1083 os
604 1031 757 1100 conjugem
775 1046 807 1084 ao
819 1045 967 1085 sororem:
1024 1030 1067 1084 dit
1083 1046 1090 1084 ε
1110 1051 1121 1078 ι
1138 1027 1293 1083 Tormenta
1309 1027 1366 1083 ista
1381 1043 1445 1099 ques
1461 1028 1612 1094 nominas,
1624 1028 1699 1098 jam
1716 1044 1735 1083 a
1761 1045 1848 1099 prace-

141 1125 282 1176 Vooerem
295 1121 383 1174 etiam
400 1119 473 1172 tanti
491 1119 535 1173 dei
552 1117 654 1185 liliam,
671 1118 831 1174 Vulcanum
848 1124 877 1173 rt
892 1119 970 1174 Mar·
1024 1118 1162 1174 dentibus
1179 1119 1251 1172 mels
1263 1117 1848 1189 suntcommilitonibussuperata.nTuna

141 1217 197 1265 tem
212 1211 315 1263 iratres
332 1207 426 1278 ipsius
443 1207 551 1278 pariter
565 1212 594 1261 et
610 1208 731 1263 maritos
746 1208 929 1273 adora.Quod
944 1208 969 1263 si
1025 1207 1203 1262 sanissimus
1220 1222 1325 1277 preses
1341 1205 1434 1276 stipiti
1450 1221 1614 1278 appensum
1648 1212 1793 1262 sanctum
1813 1208 1848 1263 liei

142 1317 199 1355 nou
217 1295 416 1367 t'eceris,longe
428 1313 444 1350 a
457 1294 776 1367 collegatuoblarcello
788 1297 970 1368 gravioribus
1026 1306 1182 1371 martyrem
1199 1294 1347 1367 unguibus
1359 1295 1452 1367 jussit
1476 1296 1578 1357 l'erreis
1599 1295 1739 1351 laniari:
1755 1301 1784 1351 et
1796 1313 1849 1353 auur

142 1386 295 1458 suppliciis
312 1383 453 1456 punieris.
477 1405 491 1434 o
1025 1385 1135 1443 auxilio
1147 1384 1255 1440 Christi
1272 1382 1362 1439 nullis
1378 1382 1517 1456 fatigatus
1541 1383 1709 1461 suppliciis
1733 1385 1763 1440 in
1780 1384 1850 1443 lauda

180 1480 303 1533 Sanctus
331 1475 503 1532 Valerianus
533 1475 733 1548 respondltzo
765 1476 921 1532 presidem
943 1480 972 1533 te
1026 1474 1141 1531 Domini
1168 1472 1348 1548 perduraret,
1375 1489 1408 1529 ae
1437 1472 1643 1549 nequissimus
1677 1491 1850 1551 praseaper

144 1576 248 1635 essaei
256 1564 387 1639 judicem
398 1564 827 1637 provinciarum,oircumstans
843 1565 973 1622 declarat
1026 1563 1105 1620 illius
1121 1562 1365 1635 perseverentiam
1381 1569 1410 1618 et
1425 1564 1460 1619 ad
1476 1578 1574 1620 veram
1597 1563 1783 1620 Christianae
1797 1564 1850 1621 fidei

145 1657 293 1719 ollieium;
309 1655 360 1709 sed
372 1654 468 1710 amala
479 1654 702 1721 sotentiaeprror
712 1654 865 1726 gentilium
878 1655 973 1711 reddit
988 1686 1012 1751 B
1027 1652 1196 1725 religionem
1215 1652 1364 1724 pervenire
1377 1652 1520 1725 plurimos
1548 1658 1718 1723 vereretur,
1735 1653 1850 1710 solutum

146 1742 974 1831 ignarumouomodoimperatoristulnelarlarsligione
1028 1742 1141 1809 exinde,
1170 1741 1200 1797 in
1226 1740 1323 1796 locam
1350 1757 1408 1817 quo
1437 1757 1515 1802 nunc
1542 1742 1709 1799 venerandi
1734 1744 1851 1818 eorporis

146 1834 355 1903 imperatorum
372 1832 487 1886 decreta
511 1831 975 1897 convellis‘lQuaesuutnumina
1030 1831 1168 1905 reliquiae
1197 1829 1368 1899 excolimus,
1394 1829 1489 1901 gladio
1515 1830 1638 1888 feriente
1666 1832 1852 1905 jussitintsr·

146 1921 205 1977 ista
219 1936 283 1992 quae
293 1919 421 1992 loqueris
431 1918 445 1975 l
457 1922 571 1977 incesta
584 1922 681 1995 puniri
696 1921 794 1997 legum
804 1922 976 1995 precipiunt
1029 1921 1087 1976 fie'.

147 2015 258 2068 statuta
271 2028 279 2077 3
292 2018 320 2065 et
335 2015 366 2066 tu
398 2011 486 2068 deum
502 2027 566 2068 esse
590 2012 820 2087 omnipotentem
844 2029 913 2069 voce
929 2029 975 2068 sa·
1063 2011 1145 2069 Tunc
1156 2016 1275 2067 sanctus
1286 2009 1458 2066 Valerianus
1469 2009 1555 2081 primi
1571 2011 1718 2085 martyris
1730 2018 1760 2068 ot
1775 2012 1851 2068 levita

149 2101 978 2177 crilegaprollleris‚qusmpermanassualuisseconJu·
1030 2100 1122 2156 saneti
1138 2100 1278 2172 Stephani
1289 2098 1401 2157 habens
1416 2098 1541 2175 gratiam
1557 2103 1584 2155 et
1615 2099 1750 2173 gloriam
1780 2101 1850 2157 remi·

149 2208 214 2265 gem
232 2207 289 2246 non
304 2191 417 2263 negasti
432 2212 439 2257 ;
457 2191 609 2267 filiamque
624 2193 690 2262 ejus
708 2191 862 2263 Venerem,
879 2192 978 2248 fratris
1031 2187 1247 2257 oisoenoaoetos
1259 2187 1378 2247 intuens
1390 2187 1473 2244 illum
1488 2187 1561 2244 sidit
1571 2189 1672 2245 oeulis
1687 2188 1750 2246 sibi
1766 2191 1852 2245 ollerrs

150 2297 270 2336 uxorem
287 2295 360 2335 ame
372 2279 501 2335 estimas
516 2280 697 2336 adorandam
708 2280 721 2335 Ι
732 2279 798 2336 Hae
813 2281 977 2337 criminain
1031 2294 1178 2347 eoronam,
1195 2276 1241 2333 eui
1257 2277 1408 2335 moriendo
1423 2293 1481 2333 non
1511 2278 1616 2335 metuit
1640 2279 1780 2351 martyrii
1796 2296 1851 2349 pra·

150 2370 322 2427 numinibus
340 2369 517 2439 veneranda,
531 2375 560 2426 et
574 2369 602 2426 in
629 2369 797 2427 hominibus
812 2371 979 2429 damnanda
1031 2367 1100 2424 bere
1117 2366 1279 2423 victoriam.
1295 2367 1343 2423 Sic
1366 2367 1464 2440 itaque
1479 2372 1599 2424 sanetus
1627 2374 1746 2441 martyr
1773 2370 1852 2425 loeuu
1894 2430 1896 2445 Ι

151 2457 416 2531 pronuntiasl'l'uo
433 2463 460 2513 te
475 2459 547 2514 satis
562 2459 737 2531 abundeque
748 2476 844 2515 errore
855 2461 977 2516 conlua·
1031 2457 1116 2513 illum
1132 2473 1253 2529 corpore
1267 2458 1457 2527 consecrarit¹
1478 2454 1620 2517 coelorum
1647 2461 1763 2536 spiritu
1779 2476 1853 2530 regna

152 2547 246 2602 diabli
258 2545 417 2601 beatissimi
432 2544 530 2602 fratris
546 2547 602 2602 mei
611 2546 740 2603 Marcelli
752 2548 979 2623 suppliciamibi
1032 2546 1528 2620 conscendens.Cujusfestivitatem
1539 2563 1672 2609 annuam
1683 2549 1854 2607 celebrantes

151 2640 180 2691 te
196 2635 347 2690 illaturum
363 2634 630 2707 minaris‚glorioso
645 2637 804 2693 certamine
819 2638 981 2710 superata?
1033 2635 1228 2711 patrocinium
1245 2636 1280 2691 de
1296 2635 1381 2692 bonis
1398 2636 1768 2708 montibuseaoremus‚ut
1782 2639 1854 2697 fidem

151 2732 246 2798 Atque
262 2725 376 2781 utinam
392 2729 419 2781 te
450 2725 557 2785 siolum
573 2731 602 2783 et
625 2725 705 2784 illius
730 2727 849 2798 virtute,
874 2732 902 2785 et
928 2733 980 2786 tua
1032 2724 1127 2798 plebis
1142 2730 1257 2798 augeat,
1272 2725 1452 2802 provinciam
1464 2727 1615 2799 propriam
1631 2731 1770 2798 tueatur,
1781 2745 1857 2786 onoc·

155 2814 393 2888 pronuntiatione
403 2831 606 2888 cognosceres,
622 2821 651 2873 et
661 2818 752 2874 ileum
769 2818 833 2873 coeli
849 2835 882 2875 ae
896 2822 981 2876 terrae
1033 2818 1173 2895 utumque
1188 2813 1328 2889 populum
1353 2815 1416 2873 suis
1443 2815 1571 2875 cultibus
1599 2815 1808 2875 adhaerentem
1822 2820 1859 2890 pia

154 2905 367 2963 dominatorem
391 2905 524 2962 omnium
540 2922 636 2967 rerum
660 2910 749 2980 atque
769 2908 920 2979 faetorem,
946 2908 981 2965 de
1034 2905 1244 2971 intercessione
1263 2909 1428 2961 conservet:
1454 2909 1482 2961 st
1512 2905 1654 2977 quiajos
1682 2907 1859 2982 triumphos

154 2993 239 3049 bonis
254 2992 391 3049 sensibus
407 2995 626 3065 adorares3qui
643 2995 706 3051 sine
728 2996 850 3053 crimine
875 3013 980 3071 passus
1035 2995 1158 3055 devotus
1182 3010 1215 3050 ac
1244 2993 1339 3051 tidelis
1366 2994 1490 3066 scriptor
1509 2993 1648 3062 excoluit,
1675 2995 1709 3055 ia
1737 2996 1861 3069 prasenti

154 3088 221 3140 est:
240 3089 403 3140 utsuauos
432 3088 526 3139 morte
541 3085 576 3138 ab
605 3090 712 3140 caterno
740 3086 980 3151 mortiscrimine
1036 3083 1153 3152 sarculo,
1169 3081 1212 3141 rel
1226 3083 1255 3138 in
1271 3082 1380 3153 loturo,
1397 3081 1558 3156 patrocinio
1571 3085 1637 3158 ejus
1652 3094 1769 3143 aeterna
1781 3087 1861 3159 gratis

154 3171 291 3227 liberaret
307 3179 335 3227 et
349 3188 403 3228 sua
418 3172 632 3228 resurreetione
646 3173 782 3230 fiduciam
811 3175 893 3231 nobis
918 3192 982 3251 per·
1037 3174 1196 3243 muniatur,
1213 3171 1507 3246 prestanteDomino
1532 3173 1731 3232 nostrolesu
1747 3177 1861 3247 Christo,

155 3268 246 3334 petua
262 3258 554 3329 salutisoalenderet‚
572 3262 658 3333 cujus
673 3264 754 3335 regni
769 3280 821 3319 nee
848 3263 915 3320 ilnis
930 3279 982 3320 neo
1036 3263 1139 3325 ouiest
1153 3262 1308 3334 imperium
1323 3266 1490 3334 etpotestas
1508 3279 1573 3320 cum
1602 3263 1692 3320 Patre
1717 3272 1747 3321 et
1762 3268 1859 3339 spirita

156 3350 334 3425 principium
351 3349 514 3407 intonituri
532 3351 584 3407 Hic
599 3356 642 3407 est
659 3350 739 3407 Deus
752 3367 850 3424 verus,
866 3354 981 3427 quinon
1037 3355 1138 3409 sancto
1153 3350 1183 3407 in
1198 3349 1306 3407 saecula
1318 3352 1502 3408 saeclorum.
1516 3357 1619 3409 amen.

155 3545 1858 3599 m

364 3710 470 3830 llll
514 3710 1055 3834 VISITATthtt
1101 3714 1650 3839 instituerunt

158 3933 488 4016 (locedieebibliotbsaae
506 3937 703 3996 turrrbetlraoae
722 3938 902 3995 londinensis
931 3938 1062 3994 beldrica
1091 3941 1250 3996 vindicatur
1274 3943 1323 3996 boe
1351 3944 1616 4017 opusculumque!
1645 3963 1708 4003 esse
1734 3960 1858 4004 anama

190 4005 253 4065 itta
267 4021 331 4079 qaae
345 4012 421 4065 trater
434 4012 575 4077 suppnrr'to
587 4009 740 4075 Auprrrtiao
764 4012 900 4082 leputatur
909 4011 972 4081 jam
994 4015 1149 4079 auspicatus
1163 4015 1257 4082 suerat
1270 4013 1405 4072 detraes.
1421 4017 1496 4071 lione
1510 4018 1706 4085 conjecturam
1722 4036 1773 4075 suo
1790 4020 1857 4075 resti·

191 4080 283 4133 monio
297 4079 442 4149 confirmet
457 4080 486 4141 u,
502 4080 593 4147 Pirra,
601 4081 658 4206 jai
672 4097 761 4151 asper
774 4083 899 4139 codicem
928 4083 1143 4141 temtationem
1158 4083 1268 4151 euoluit.
1284 4101 1321 4141 aar
1339 4088 1419 4157 cujtts
1445 4088 1609 4145 auctoritate
1634 4090 1771 4147 libellum
1797 4093 1857 4145 isat

192 4144 340 4201 ἀδέσποτον
369 4150 454 4205 tecm
476 4168 518 4221 rte,
548 4153 598 4206 cot

195 4220 263 4273 otior*
280 4222 321 4287 tl,
338 4222 388 4274 rol.
404 4168 494 4291 itti.)

160 4344 1117 4381 :Q

560 4492 981 4617 natuerat
1018 4498 1459 4620 DOLENSIS

885 4723 1142 4815 nictum

609 4908 666 4976 Quo
680 4907 774 4965 omnio
789 4907 861 4965 bosa
875 4907 1039 4965 monosterii
1053 4907 1080 4963 S.
1101 4907 1240 4964 Florentii
1253 4905 1414 4975 erraterrat.

913 5033 1008 5101 (Anno
1025 5033 1116 5106 ltus.)

695 5158 802 5230 [Sciat.
821 5157 881 5217 edit
896 5159 930 5215 de
944 5157 973 5214 la
988 5157 1087 5229 Barrs,
1102 5162 1122 5214 t.
1140 5158 1187 5222 ill,
1205 5177 1231 5229 p.
1250 5157 1326 5229 lit]

619 4151 677 4213 rico
703 4152 902 4209 restituendum
925 4162 1023 4211 resset.
1039 4185 1072 4195 —
1103 4154 1165 4212 Vide
1193 4156 1359 4228 Penelopia
1389 4168 1454 4217 tom.
1484 4158 1542 4227 XL,
1573 4162 1702 4231 Operum
1731 4163 1759 4218 S.
1778 4168 1857 4233 Aaou

199 5334 341 5399 Quoniam
352 5331 540 5405 antiquorum
553 5329 739 5400 benageataa
751 5326 900 5385 modernis
912 5327 987 5384 mul·
1002 5329 1026 5394 Ι)
1042 5327 1205 5397 cupiditas:
1223 5344 1279 5383 non
1297 5327 1488 5399 incongruum
1505 5325 1574 5383 hino
1589 5325 1719 5385 arbitror
1729 5329 1819 5403 Juxta
1829 5344 1864 5387 re·

164 5422 251 5479 tritiea
263 5423 526 5494 depravanturmeo
542 5419 693 5480 secularia
703 5419 882 5489 tantum,sed
899 5418 987 5477 etiam
1043 5432 1105 5473 ruta
1123 5417 1380 5487 necessitudinem,
1395 5424 1423 5471 et
1438 5423 1601 5486 temporum
1618 5417 1783 5489 rationem,
1798 5438 1865 5492 pra·

166 5510 347 5571 ecclesiatica
358 5512 427 5592 iuro
443 5509 643 5583 ignorantium
657 5508 733 5569 saria
750 5523 827 5583 sepe
839 5508 989 5579 perturbat
1042 5504 1206 5571 cedentium
1223 5506 1353 5569 instituta
1368 5504 1589 5569 sacerdotalium
1612 5522 1765 5571 consensu
1791 5508 1867 5583 quasi
