3788 6000
3 230 6 235 ’
84 264 144 325 ass
699 255 861 320 sotanis
882 253 1176 317 montanarius
1734 256 1792 316 ssa

87 393 208 462 rempiie
219 393 253 448 de
271 396 378 447 termes
397 389 539 457 barbares,
556 397 582 446 et
616 389 651 445 de
676 388 703 444 ia
731 387 796 459 pius
819 387 901 444 basso
922 387 1033 443 latinite
1050 404 1056 455 ;
1071 402 1107 443 on
1123 387 1169 457 n’y
1187 386 1241 442 voit
1253 386 1314 442 rien
1329 386 1364 442 de
1378 394 1450 443 eette
1465 386 1604 443 elevation
1620 386 1747 458 d’esprit,
1760 389 1794 447 do

87 471 160 522 cetto
174 464 304 520 nobiesse
318 464 354 518 de
368 463 449 534 style,
465 463 500 518 de
515 476 547 519 ee
558 460 628 530 pont
643 476 714 531 pour
727 461 753 516 ia
769 459 863 529 pierio,
875 461 910 515 de
920 465 994 516 oeiie
1009 459 1137 525 onetion,
1153 458 1201 529 qui
1217 460 1336 527 regnent
1348 459 1422 514 dans
1438 464 1501 515 tous
1516 460 1557 515 les
1572 459 1656 516 seriis
1671 462 1707 514 de
1720 462 1794 516 saint

89 537 223 606 Bernard,
239 543 264 590 et
281 534 481 591 carnotensem
497 549 541 588 ses
555 533 706 589 veriinbles
722 532 916 602 productione.
933 531 1010 586 Nous
1028 547 1063 586 ue
1079 545 1150 586 nous
1168 532 1330 585 arroterons
1350 547 1399 601 pas
1414 533 1571 599 davanisge
1601 533 1617 585 l
1637 530 1794 588 oombattre

88 622 128 663 un
144 607 300 662 sentiment
316 608 362 675 qui
377 622 407 660 se
422 605 524 661 deiruit
541 621 590 675 par
606 603 758 660 lui-meme
775 612 820 673 ;et
836 602 854 658 ii
871 602 947 658 suisti
961 604 996 658 de
1010 602 1080 672 jeter
1096 602 1136 657 ios
1151 617 1223 672 yeux
1237 617 1286 656 sur
1302 600 1442 672 i’ourrape
1456 619 1491 658 en
1517 603 1648 673 question
1679 618 1750 671 pour
1763 621 1793 660 se

90 679 261 735 oonsainere
277 677 345 750 qu’ii
362 674 433 734 n'est
449 676 528 747 point
545 677 579 731 de
592 676 665 730 saint
682 676 813 731 Bernard.
831 675 852 730 il
868 684 910 730 est
925 674 992 730 bien
1009 674 1065 729 irai
1081 689 1137 744 quo
1153 675 1178 729 ie
1193 672 1304 729 oonoiio
1319 676 1354 728 do
1370 675 1487 742 Tropes,
1517 689 1589 744 pour
1610 679 1706 729 entrer
1721 676 1793 732 dans

89 747 132 806 les
146 765 216 806 vaes
232 751 268 804 du
282 765 353 818 papo
370 749 510 804 Honorius
526 749 550 803 li
565 756 591 803 et
606 748 643 803 du
660 747 816 815 patriarche
831 748 866 801 de
885 745 1052 810 ierusalem,
1066 745 1179 801 roulant
1195 745 1307 799 dressor
1320 760 1375 800 une
1391 745 1475 815 Regio
1490 761 1560 815 pour
1571 745 1612 801 ies
1625 745 1793 815 Templiers,

88 822 147 893 jeta
163 823 202 876 ies
216 836 288 890 peut
306 835 354 875 sur
368 821 443 875 saint
458 820 584 875 Bernard
599 834 710 875 comme
725 821 801 875 etant
816 816 880 887 ptius
895 817 1012 889 oapairie
1028 832 1081 886 quo
1097 820 1159 871 tout
1172 824 1250 871 autre
1265 817 1300 872 de
1316 817 1341 870 ie
1354 816 1417 872 isieu
1430 816 1508 871 faire.
1524 817 1594 871 tisis
1605 816 1794 874 resalutatus

92 892 152 949 s'on
167 894 324 961 deeuargen
339 906 386 946 sur
414 891 485 947 dean
501 889 702 946 Miohseieusis
721 889 769 973 qui
797 888 824 944 la
852 890 947 945 dressa
973 889 1097 958 pendani
1127 887 1152 942 le
1178 886 1289 943 eonoiie
1320 889 1422 953 nieme,
1436 888 1602 959 puisqu'elie
1617 905 1634 960 y
1650 889 1692 943 iut
1708 889 1753 946 lue
1768 898 1794 946 et

92 966 262 1034 approuvee,
277 978 390 1018 comme
406 962 523 1017 l’assere
539 960 667 1016 i’auteur.
684 965 753 1016 Mais
768 960 786 1015 ii
802 977 818 1030 y
835 979 851 1014 a
866 976 899 1016 eu
915 960 1015 1028 depuis
1031 958 1172 1029 plusieurs
1187 960 1337 1014 additions.
1356 959 1416 1014 Elie
1433 965 1557 1015 consiste
1571 975 1606 1015 en
1622 962 1754 1016 soixante
1769 969 1793 1017 ei

89 1037 177 1091 douze
205 1034 358 1103 olrapitres,
388 1041 485 1089 autaut
507 1032 573 1103 qu'il
601 1049 676 1106 you
706 1051 721 1087 a
746 1035 819 1088 daris
849 1032 875 1087 la
891 1032 974 1102 liegie
988 1030 1225 1094 desairriBenoti,
1242 1032 1312 1085 dont
1327 1029 1472 1085 l'auteura
1490 1033 1639 1099 emprunte
1654 1033 1794 1102 plusieurs

88 1108 198 1163 choses.
215 1105 251 1162 Le
264 1106 312 1161 but
326 1106 361 1160 do
376 1110 448 1161 cette
464 1106 547 1175 Regio
562 1114 602 1160 est
615 1102 723 1159 d'eiiier
739 1104 764 1158 ia
789 1105 833 1158 vio
859 1104 1035 1172 monastique
1059 1118 1126 1157 aree
1141 1102 1169 1156 la
1185 1101 1339 1172 profession
1356 1102 1406 1157 des
1420 1118 1523 1158 armes.
1539 1103 1561 1156 li
1576 1119 1592 1172 y
1608 1111 1649 1159 est
1665 1104 1792 1160 delenda

90 1181 125 1234 de
140 1178 325 1233 reeeroirdes
340 1178 463 1244 sirianis,
481 1178 516 1231 de
530 1176 637 1230 crainia
652 1175 736 1246 qu'iis
747 1191 783 1230 ne
800 1175 927 1232 vinssont
941 1175 1012 1230 dans
1023 1175 1048 1228 ia
1065 1175 1137 1229 suite
1161 1177 1177 1228 e
1194 1191 1224 1228 so
1240 1174 1364 1242 repentis
1377 1175 1412 1228 de
1428 1175 1502 1229 leurs
1517 1185 1739 1243 enpagements;
1757 1178 1794 1232 ies

94 1249 300 1305 chevaliersdu
316 1248 435 1320 Temple
451 1245 582 1303 n’itaient
599 1262 702 1303 encore
727 1262 762 1301 eu
792 1246 847 1300 i'an
878 1245 946 1301 1128
976 1244 1057 1314 qu'au
1088 1244 1208 1301 nombre
1223 1245 1257 1301 de
1272 1245 1349 1309 neni,
1366 1246 1434 1300 doni
1450 1246 1491 1300 six
1507 1262 1536 1301 so
1552 1247 1746 1314 presenidrent
1759 1264 1793 1303 au

29 1378 31 1382 ,
94 1320 385 1389 oonoiledeTroyes,
414 1322 538 1391 ayanta
568 1318 629 1373 leur
658 1320 713 1372 tete
743 1316 856 1380 ungues
870 1318 920 1372 des
934 1315 1042 1386 Payens
1056 1315 1120 1372 leur
1134 1316 1255 1385 premier
1269 1317 1357 1384 prend
1375 1316 1532 1371 nteitretil
1550 1317 1794 1387 estdpresumer,

92 1391 379 1464 qu’ttsemporrerent
394 1405 463 1446 aveo
477 1406 530 1446 eux
546 1405 582 1445 en
599 1388 751 1456 Palestine,
767 1390 804 1444 ou
833 1389 869 1443 iis
890 1389 1087 1444 retournerem
1114 1388 1224 1442 i'arrnee
1239 1389 1377 1454 enitente,
1400 1389 1425 1442 ia
1441 1388 1527 1451 liderla
1546 1388 1632 1458 qu'on
1649 1390 1709 1444 leur
1723 1393 1797 1445 avait

90 1463 216 1519 dreseea.
233 1461 294 1518 Elio
310 1480 324 1517 a
341 1464 388 1517 dte
404 1460 516 1532 publiea
530 1462 600 1517 dans
616 1460 762 1516 diderents
782 1460 913 1516 reeueiis.
939 1461 1031 1515 Andre
1049 1460 1131 1514 Faviu
1149 1458 1182 1513 i’a
1197 1460 1308 1515 donaee
1323 1460 1395 1514 dens
1410 1475 1461 1514 son
1477 1460 1587 1515 Tiddire
1600 1460 1756 1517 d'ironaear
1769 1466 1795 1516 ei

90 1534 124 1589 eie
139 1534 302 1589 Ciaeuuierie
316 1533 378 1598 (lib.
397 1548 434 1599 rr,
451 1550 479 1602 p.
495 1533 526 1587 to
543 1549 550 1597 ;
567 1533 594 1600 t,
613 1532 702 1604 1659),
722 1532 880 1602 imprimet
896 1531 983 1596 Paris,
999 1530 1067 1586 eirea
1082 1530 1185 1586 lioberi
1202 1531 1288 1586 Foiiet
1304 1547 1338 1585 on
1355 1531 1434 1599 teto,
1458 1531 1543 1586 in-t0.
1568 1530 1711 1588 L'editeur
1735 1532 1797 1588 i'ar-

91 1604 184 1661 tribue
201 1607 218 1660 is
233 1605 308 1659 saint
325 1604 461 1666 Bernard,
478 1604 601 1676 quoique
615 1604 651 1659 de
665 1619 716 1659 son
732 1618 833 1673 propre
844 1618 925 1667 areu.
942 1604 996 1658 elie
1011 1617 1047 1657 ne
1062 1617 1092 1657 se
1109 1615 1205 1658 trouve
1218 1603 1297 1672 point
1313 1602 1403 1671 parmi
1418 1617 1462 1657 ses
1489 1617 1609 1658 oeavres.
1637 1604 1697 1660 iiiia
1724 1606 1795 1661 aete

90 1675 241 1748 imprimes
269 1677 342 1731 dans
371 1676 397 1731 io
416 1674 573 1746 Neoroioge
599 1676 634 1730 de
659 1674 761 1731 i'ordre
789 1676 824 1730 do
837 1674 963 1740 citerior,
979 1689 1047 1730 aree
1062 1689 1120 1729 uno
1135 1673 1215 1729 lettre
1227 1675 1261 1728 de
1278 1674 1435 1734 Baudouin.
1451 1675 1490 1728 roi
1505 1674 1540 1729 de
1554 1674 1722 1741 Jerusalem,
1746 1692 1795 1746 par

90 1747 214 1819 laquelle
229 1762 261 1802 ee
277 1747 375 1816 prinoe
391 1748 451 1817 prie
467 1746 540 1802 saint
555 1747 682 1802 Bernerd
699 1747 734 1801 do
753 1747 863 1802 donner
879 1761 935 1801 une
950 1746 1036 1813 Regio
1047 1760 1101 1800 aux
1117 1744 1274 1801 oheroiiers
1293 1745 1329 1800 du
1345 1745 1463 1815 Temple
1479 1761 1486 1800 τ
1502 1745 1572 1799 dans
1587 1745 1614 1800 ie
1637 1747 1796 1803 Fasciculus

88 1822 249 1947 {aratorum
262 1817 368 1874 ordinis
384 1820 573 1875 Cisirrcieasis
587 1819 623 1874 de
637 1817 836 1887 chrysostome
851 1817 1019 1888 Henriquez,
1036 1818 1105 1872 dans
1122 1816 1148 1872 ie
1163 1817 1285 1871 disieme
1315 1818 1428 1871 roiumo
1440 1818 1489 1871 des
1508 1817 1634 1873 oouoiies
1648 1818 1698 1874 des
1713 1818 1796 1874 Piros

110 1909 125 1946 a
167 1890 430 1956 eetCosaari,eto.

125 1961 162 2019 il.
182 1960 220 2017 Le
236 1961 318 2017 Boeai
344 1961 427 2033 (ilias.
454 1977 503 2016 sur
526 1959 610 2016 i'iiist.
640 1958 673 2014 ds
691 1959 782 2028 Poris,
795 1967 814 2016 t.
830 1959 866 2028 li,
883 1957 1111 2032 p.l19)pariant
1127 1958 1177 2014 des
1192 1959 1399 2029 compositears
1413 1959 1448 2016 de
1477 1958 1561 2015 ebant
1577 1959 1793 2033 ecelesiastique

88 2033 265 2089 danslexn·
297 2033 393 2100 silicio,
422 2033 477 2088 cite
507 2047 544 2087 un
569 2032 675 2087 certain
705 2031 844 2087 Miohuias
868 2030 925 2087 iort
951 2031 1034 2086 rante
1053 2031 1794 2105 periedooteureiain,oommeayanioorrigeies

89 2120 200 2161 erreurs
214 2104 367 2160 oommises
381 2105 451 2159 deins
467 2109 510 2160 oet
524 2110 576 2157 art.

622 2190 727 2247 iiosica
744 2191 856 2248 letatur
879 2191 992 2247 iiisiraio
1010 2191 1263 2263 deserentesque

640 2262 762 2331 Corripit
772 2278 877 2319 errores
892 2261 947 2318 ioli
956 2262 1078 2319 dicteriis
1095 2263 1239 2332 moqisiro.

90 2360 115 2416 Y
128 2360 256 2417 aurait-ii
271 2362 306 2417 de
322 2360 348 2415 ia
362 2359 493 2416 temerii&
508 2364 525 2416 a
539 2361 717 2431 coniectores
728 2359 973 2430 quaeeliiehaias
984 2360 1109 2430 pourrait
1120 2359 1178 2416 dtro
1189 2360 1216 2417 ie
1231 2359 1323 2417 urdine
1337 2376 1393 2431 que
1404 2368 1485 2418 notre
1499 2362 1568 2418 iesu
1583 2360 1796 2418 liiehaelensis,

89 2430 131 2488 Du
148 2438 231 2502 resto,
247 2447 279 2489 oa
294 2432 432 2490 musieien
448 2447 520 2489 nous
534 2438 576 2489 esi
600 2431 783 2488 absoiument
801 2431 941 2488 iuoonna.

101 2607 133 2620 ‘'-

556 2771 822 2866 JOANNIS
850 2771 1326 2868 MICHAELENSIS

176 2933 642 3136 REGULA
712 2935 1691 3140 TEllPLilRlOllUlll.

762 3186 867 3258 (maan
883 3185 987 3242 Gonoii.
1004 3186 1037 3252 X,
1052 3187 1129 3258 923.)

588 3450 935 3547 CONCILIUM
968 3453 1301 3549 TRECENSE

131 3617 166 3675 ln
183 3633 245 3693 quo
273 3613 460 3693 Templariis
489 3612 654 3686 militibus,
684 3631 767 3674 anno
795 3632 860 3674 saae
886 3614 1091 3677 institutionis
1120 3636 1217 3696 nono,
1249 3638 1311 3680 une
1331 3637 1402 3680 cum
1420 3619 1540 3698 Regula
1556 3621 1736 3699 assignatus
1752 3629 1798 3685 esi

414 3694 541 3756 habitus
557 3693 660 3765 albus,
677 3713 760 3756 anno
771 3695 896 3756 Domini
912 3697 1001 3768 iitd,
1020 3703 1161 3777 tempore
1177 3700 1306 3761 Honorii
1322 3719 1412 3779 papae
1427 3702 1465 3762 ll.

857 3849 1019 3865 m

796 3961 1087 4052 MONITUM·

626 4113 753 4184 (Mantum
771 4114 876 4169 Arroni.
898 4114 999 4170 Benod.
1016 4115 1035 4171 l.
1052 4132 1135 4186 anau,
1151 4133 1181 4173 n.
1198 4117 1257 4190 28.)

132 4239 295 4321 Matthaeus,
312 4253 345 4293 ar
363 4237 454 4319 priore
469 4235 498 4292 S.
527 4234 642 4316 Martini
670 4254 686 4291 a
713 4239 825 4322 campis
853 4246 965 4322 oreatus
980 4241 1015 4296 ab
1032 4241 1159 4298 Honorio
1174 4243 1329 4299 cardinalis
1344 4253 1369 4299 et
1384 4247 1535 4317 episeopus
1550 4248 1732 4313 albanensis,
1746 4247 1799 4304 sab

95 4313 185 4370 tinem
199 4325 268 4367 aunt
283 4322 436 4379 superioris
450 4321 516 4362 eum
531 4307 617 4377 iegati
633 4316 768 4378 potestate
784 4325 813 4365 tn
829 4310 950 4368 Galliam
966 4313 1088 4381 missus,
1103 4312 1222 4370 ineunte
1238 4315 1291 4371 hoe
1305 4332 1382 4372 arrrro
1411 4318 1506 4373 'ireeta
1535 4320 1690 4375 eorreiiium
1713 4319 1802 4375 habui

127 4438 165 4512 (2)
181 4439 247 4493 Aeta
261 4433 390 4499 oonoilii,
404 4439 517 4504 tempus
532 4438 561 4487 et
586 4432 678 4488 iooum
702 4451 840 4492 enarrans
863 4438 917 4509 Ty·
932 4441 959 4506 Α
975 4453 1071 4495 eorum
1091 4440 1189 4493 iratres
1205 4439 1363 4508 insereres,
1380 4443 1426 4512 qui
1456 4443 1588 4498 dieantur
1617 4445 1798 4500 servientes:

94 4511 160 4571 rius,
193 4509 242 4564 iib.
270 4522 321 4568 aar.
346 4520 409 4575 esp.
437 4507 463 4569 t,
488 4504 542 4559 ista
569 4505 693 4561 scribit:
720 4528 734 4555 «
748 4509 873 4564 coneilio
887 4513 916 4564 in
976 4524 1095 4577 quorum
1124 4526 1166 4564 res
1193 4514 1262 4566 adeo
1293 4523 1378 4566 erevit
1409 4514 1437 4568 in
1468 4518 1650 4583 irrideamur,
1669 4526 1695 4570 ut
1716 4517 1801 4572 nodie

93 4581 211 4637 Francia
225 4581 300 4649 apud
316 4576 421 4633 Treoas
437 4574 545 4641 nautio,
560 4577 608 4631 eui
624 4578 813 4633 iuterfuerunt
827 4582 920 4635 domi·

92 4670 146 4709 uus
162 4652 353 4714 ileruensieet
365 4647 500 4703 dominus
514 4647 689 4704 Senonensrs
700 4651 920 4723 archiepiscopi,

93 4741 157 4780 euru
174 4721 360 4785 suilrnanneis
371 4720 441 4782 suia,
455 4717 626 4773 albanensis
639 4735 747 4789 quoque
759 4724 920 4790 episeopus,

95 4799 254 4866 apostolicis
274 4792 348 4849 seriis
362 4793 479 4857 testatas,
496 4790 611 4845 abbatas
628 4807 737 4861 quoque
754 4795 919 4849 cistercien·

93 4869 173 4924 sisoi
208 4867 434 4928 cisrevaiieesrs,
464 4877 529 4917 oum
554 4863 618 4916 aliis
636 4864 772 4932 pluritas,
789 4865 922 4920 instituta

95 4941 187 4996 osteis
202 4938 299 5005 regule
313 4944 339 4991 et
357 4934 469 4990 habitus
493 4933 665 5003 assignatus,
679 4934 762 4989 albus
780 4937 919 5004 videlieet,

96 5011 278 5064 demandato
301 5005 410 5061 domini
439 5004 554 5058 lionorii
584 5021 673 5074 papas,
696 5007 843 5062 etdomini
859 5013 920 5064 Sie·

96 5079 183 5150 phani
215 5077 463 5146 Hierosolymiiani
495 5074 670 5145 patriarche.
702 5076 829 5148 Cumque
862 5080 920 5148 jam

95 5150 179 5206 annis
194 5165 295 5205 norem
316 5150 346 5204 in
366 5164 399 5202 eo
416 5148 536 5202 luissent
551 5147 704 5217 proposito,
721 5164 777 5204 non
795 5150 850 5205 nisi
867 5167 921 5206 no·

97 5238 158 5278 sam
175 5229 278 5276 erent:
309 5235 342 5276 ea
367 5228 435 5273 iuno
450 5218 533 5285 ooepit
547 5233 645 5274 eorum
662 5235 799 5276 numerus
813 5223 921 5287 superi,

97 5299 126 5350 et
140 5294 336 5364 possessiones
361 5288 632 5351 multiplicabantur.
658 5291 839 5348 Postmodum
856 5309 922 5350 vero

97 5372 221 5433 tempore
237 5362 345 5417 ‹ionriul
357 5360 473 5426 soponit
491 5376 577 5428 papae,
595 5368 622 5415 ui
637 5364 751 5429 dieitur,
767 5381 864 5421 «truces
887 5366 922 5422 ilo

100 5451 196 5504 pauno
212 5435 308 5497 ruireo,
340 5438 369 5485 ut
392 5434 464 5486 inter
489 5439 603 5486 ceteros
618 5442 709 5490 esseut
728 5437 921 5503 notabiliores,

100 5505 244 5560 mantellis
259 5506 320 5558 suis
332 5507 480 5572 oeperunt
500 5515 623 5573 assuere,
639 5510 696 5560 tem
712 5508 819 5577 equites
834 5523 920 5579 quam

976 4589 1116 4635 trecentos
1136 4582 1198 4649 pius
1215 4584 1343 4637 minusve
1355 4586 1382 4637 iu
1394 4596 1533 4638 corruente
1548 4588 1668 4641 haireaei
1680 4592 1799 4654 equites,

976 4650 1048 4708 alliis
1064 4653 1262 4724 obiamydibus
1282 4655 1406 4717 indutos,
1423 4660 1546 4722 exeeptis
1572 4659 1636 4712 aliis
1652 4661 1801 4716 iratribusi

975 4738 1093 4794 quorum
1119 4739 1191 4793 petre
1220 4725 1350 4780 infinitus
1378 4739 1417 4779 est
1437 4744 1583 4784 eumerus.
1603 4732 1799 4786 l'esseserones

976 4800 1069 4849 autem
1099 4802 1154 4850 tatu
1186 4796 1255 4850 ultra
1286 4812 1368 4865 quam
1399 4802 1465 4851 citri
1489 4804 1797 4858 errari-arteoriieuatur

978 4865 1090 4933 haltere,
1108 4876 1134 4921 ut
1145 4870 1205 4937 jam
1221 4870 1320 4922 norisii
1335 4871 1361 4923 iu
1379 4875 1446 4925 ‹rrire
1461 4871 1622 4926 Christiano
1639 4876 1798 4943 pruvtuoie,

976 4953 1039 5008 quaa
1054 4940 1195 5007 praediotis
1205 4939 1337 4994 iratribus
1351 4941 1487 4995 botrorum
1504 4960 1618 4999 suorum
1637 4949 1797 5012 portionem

976 5025 1033 5064 non
1052 5011 1213 5074 contulerit,
1230 5020 1255 5067 et
1269 5013 1352 5082 regiis
1377 5014 1531 5082 opulentiis
1547 5032 1628 5084 parea
1644 5015 1732 5073 hodie
1756 5019 1798 5073 di·

976 5089 1077 5135 oantur
1092 5081 1195 5136 hahere
1206 5083 1310 5150 copias.
1328 5081 1392 5146 Qui,
1407 5086 1540 5153 quoniam
1553 5088 1631 5155 juxta
1646 5087 1799 5158 Templum

976 5150 1102 5217 Domini,
1118 5156 1149 5207 ui
1163 5154 1356 5221 prediximus,
1368 5154 1397 5208 in
1411 5156 1514 5223 peiaiio
1530 5161 1605 5225 regio
1621 5160 1800 5216 mansionem

978 5222 1091 5287 habent,
1115 5222 1215 5279 iratres
1243 5225 1351 5280 militie
1376 5225 1489 5296 Templi
1505 5229 1647 5284 dicuutur.
1665 5233 1716 5296 Qui
1734 5247 1799 5287 oum

977 5295 1024 5348 diu
1041 5296 1069 5348 iu
1088 5293 1207 5350 honesto
1232 5311 1261 5350 se
1286 5309 1497 5353 conservassent
1516 5301 1669 5368 proposito,
1691 5306 1801 5369 proies-

977 5366 1053 5446 sioni¹
1080 5382 1135 5420 suae
1165 5369 1233 5421 satis
1261 5369 1414 5437 prudenter
1437 5373 1652 5441 satisfacientes,
1669 5376 1799 5443 rtepieeta

978 5437 1146 5507 humilitate,
1164 5455 1226 5509 quse
1241 5439 1370 5496 omniurn
1387 5442 1519 5498 uirtutum
1541 5453 1636 5500 eustos
1663 5460 1725 5502 esse
1754 5446 1801 5503 di-

976 5508 1132 5579 gnosoitur,
1147 5515 1173 5566 et
1189 5508 1288 5567 inimo
1303 5519 1404 5584 sponte
1417 5515 1519 5572 sedens
1533 5529 1591 5572 non
1616 5514 1700 5573 ranst
1722 5518 1800 5576 unda
