3788 6000
84 176 144 241 ccl
579 182 768 246 utsroltta
788 182 1070 247 utuuosutlut
1083 218 1118 231 -
1143 189 1218 250 LlB.
1242 187 1293 251 Vl.
1727 191 1789 256 ΜΞ

77 312 105 367 si
119 308 251 375 contriti,
266 326 317 381 per
331 326 450 380 campos
464 316 492 369 et
508 317 649 385 angustas
663 315 784 372 semitas
802 315 900 388 lugam
921 316 945 384 l
959 315 1033 373 tium
1047 317 1213 387 hominum,
1229 335 1371 393 equorum
1387 324 1417 377 et
1432 318 1577 378 mulorum
1593 320 1746 381 lusoribus
1757 326 1789 381 ei

74 398 231 472 arripiunt.
242 402 297 457 ssd
309 402 440 473 undiquc
451 405 487 458 ah
497 403 719 475 insequentibus
730 405 909 462 victoriosis·
961 412 1028 461 auia
1042 407 1118 464 iores
1134 407 1278 465 exstincta
1290 408 1437 481 perierint.
1453 409 1596 466 Postremi
1613 426 1680 469 vero
1704 418 1733 469 el
1755 412 1788 468 in

75 489 285 564 qaemilitibus
297 491 531 562 utrniavraspeco
545 495 907 567 lespaasimperimnntur·
961 494 1031 567 luga
1046 497 1200 564 tardiores,
1217 497 1348 554 videntes
1365 497 1470 555 hincet
1481 497 1788 572 hicoangustiasaoi·

79 580 188 636 iturum
203 579 320 637 infinita
335 598 403 649 pers
419 599 484 638 cunr
500 583 710 650 victacederei,
724 584 908 641 insecutione
961 598 1014 638 vna
1029 600 1088 639 ario
1104 591 1132 640 et
1145 585 1294 642 difficilem
1311 590 1462 658 portarum
1473 587 1638 659 introitum,
1652 592 1682 646 et
1691 587 1721 646 iu
1731 588 1787 647 hoc

76 668 311 727 Christianorum
327 686 480 742 oppressa,
497 688 549 744 spe
564 672 670 729 salutis
684 677 713 730 et
724 690 814 731 causa
832 674 907 730 eliu·
960 670 1079 729 herrore
1089 675 1353 746 armorumjauuis
1365 674 1510 734 clausisse
1519 676 1555 733 ah
1564 677 1787 746 urheexoioaos,

74 759 188 831 glandi,
205 762 242 817 ad
258 776 345 817 naves
360 767 388 817 et
406 762 553 819 maritima
569 764 793 822 contendisset
810 781 906 822 cornea
959 761 1077 819 arbores
1091 763 1266 836 palmarum.
1279 763 1328 820 atii
1341 765 1590 823 samosetanum
1602 766 1786 826 successum

75 848 268 924 haymardus
283 869 353 909 assu
368 853 428 909 iilia
442 856 578 922 occurrit,
594 871 661 923 tque,
678 854 832 912 crudeliter
846 870 906 913 co-
958 853 1366 927 conscenderessproparabanr,
1379 858 1411 911 ui
1421 854 1525 911 saltem
1538 871 1688 913 ramorum
1698 855 1783 915 lulio·

73 940 147 997 deos
161 949 192 998 et
207 942 379 1015 insequens,
396 944 424 999 in
442 946 622 1017 protundum
646 945 737 1001 maris
761 944 906 1014 lugientes
958 955 1083 1013 suusque
1098 941 1241 999 densitate
1255 942 1342 1000 latere
1363 942 1407 1000 vel
1432 941 1548 1002 liberari
1569 948 1699 1017 possent.
1725 945 1785 1004 Sed

71 1031 225 1103 submergi
235 1031 272 1087 ad
283 1032 339 1087 tria
348 1033 551 1090 milliacrobra
561 1051 709 1090 asinorum
718 1033 905 1105 percussione
957 1029 1229 1099 peditestristiaui
1241 1032 1363 1087 nimium
1376 1033 1544 1105 impluvii,
1558 1033 1681 1094 misem
1692 1034 1722 1091 ln
1734 1051 1784 1092 ΙΙ·-

71 1122 207 1178 arctavit.
224 1121 452 1179 sarracenorum
468 1129 565 1180 antem
579 1124 750 1182 cohortibus
761 1125 801 1181 sic
812 1124 904 1181 atroci
957 1117 1166 1176 boribusviaos
1180 1125 1208 1177 ei
1223 1121 1383 1194 patefactos
1394 1120 1492 1178 subito
1502 1122 1608 1195 sagitta
1620 1122 1780 1198 transfige-

70 1210 150 1266 cada
165 1211 337 1281 perterrins,
352 1220 382 1267 et
397 1211 463 1268 aliis
480 1214 515 1269 ad
529 1229 609 1270 mare
621 1213 717 1286 lugam
731 1213 902 1269 meditanti·
955 1205 1036 1274 bant,
1052 1214 1081 1265 et
1096 1210 1180 1281 qusai
1194 1227 1261 1268 aves
1276 1209 1385 1266 volatili
1402 1209 1460 1267 telo
1482 1227 1646 1283 parnassus,
1657 1213 1692 1270 ab
1704 1212 1780 1288 ipsis

68 1298 135 1367 bus,
151 1298 219 1355 aliis
230 1301 264 1355 ad
280 1301 420 1372 pomaria,
432 1299 567 1371 piurimis
580 1319 646 1358 vero
658 1307 773 1375 portam
782 1300 903 1359 Asculo·
954 1296 1090 1354 albolum
1105 1297 1196 1355 “mit
1208 1299 1399 1356 ffl⁰iib⁰¹¹d0⁸
1409 1298 1492 1357 humi
1502 1300 1702 1373 Pfflssufflbfflv
1714 1301 1782 1375 Plu·

69 1389 115 1445 nis
132 1389 244 1446 intrare
259 1392 470 1462 querentibus,
488 1393 616 1448 universi
626 1395 751 1450 victores
761 1392 902 1450 Christia·
953 1385 1121 1459 limumque
1137 1393 1221 1444 tetro
1236 1388 1379 1462 vogebtni
1397 1388 1520 1463 operito·

67 1494 176 1535 norom
192 1479 291 1535 ditiusi
306 1490 373 1536 aunt
392 1496 442 1550 per
455 1481 581 1536 tentoria
595 1481 762 1554 gentilium,
778 1481 828 1537 alii
852 1499 899 1539 ra·
951 1494 1015 1551 cst,
1030 1494 1059 1550 L,
1073 1525 1107 1535 -
1119 1496 1231 1565 Quando
1245 1497 1374 1568 prauum
1386 1495 1436 1553 two
1449 1498 1629 1555 commissum
1639 1498 1686 1567 gir,
1706 1505 1734 1556 ,ι
1747 1498 1783 1558 a,

69 1568 187 1642 pientes
204 1569 360 1640 pretiosam
388 1587 560 1641 purpuram,
586 1570 635 1627 aiii
661 1579 754 1628 vestes
776 1575 806 1628 ei
830 1587 900 1628 vasa
1256 1569 1362 1625 ibidem
1376 1571 1469 1638 pestis.

69 1663 210 1732 argentea
225 1657 442 1731 plurimamque
456 1676 586 1717 massam
608 1660 761 1733 utriusque
785 1661 895 1718 metalli
986 1658 1072 1714 Sexta
1089 1658 1169 1729 leria,
1186 1657 1280 1731 pridie
1291 1659 1358 1715 ldus
1369 1658 1489 1733 Augusti
1503 1660 1624 1727 mensis,
1637 1661 1777 1721 commis·

67 1750 262 1822 pretiosioris,
277 1749 326 1806 alii
341 1749 481 1817 cameles,
500 1752 606 1818 mulos,
622 1768 723 1822 equos,
740 1753 896 1809 dromeda·
952 1762 1019 1802 ⁵⁰¹¹]
1034 1751 1080 1803 0³²
1095 1748 1148 1804 ¹¹⁰⁰
1162 1746 1294 1820 pralium
1310 1748 1440 1822 Ηῑὸῑῦῑῑ
1456 1748 1778 1817 millibttssht'ltiltno·

68 1840 129 1896 rios
144 1854 214 1895 cum
229 1840 321 1896 asinis
335 1839 503 1896 lenissimis
518 1845 565 1909 ;et
575 1844 682 1913 cuique
692 1842 807 1912 prades,
820 1841 897 1899 sicut
953 1856 1018 1896 rum
1033 1841 1174 1898 adversus
1184 1844 1314 1898 trecenta
1322 1840 1416 1898 millia
1427 1840 1594 1914 gentilium,
1605 1843 1779 1904 Sarraceno-

61 1929 160 2001 lejuoi
175 1937 204 1986 st
224 1928 311 2002 longa
335 1930 515 1986 abstinentia
538 1933 676 1987 macerati
701 1947 780 1987 nuno
805 1932 894 1987 totius
951 1945 1027 1998 runs,
1045 1930 1185 1998 Arabum,
1200 1929 1436 2002 publicanorum,
1452 1936 1622 1989 Maurorum
1637 1933 1674 1992 de
1697 1938 1777 1993 terra

64 2019 132 2076 belli
148 2021 339 2076 immemores
351 2035 457 2075 manos
470 2036 540 2075 suas
554 2020 730 2077 inserebant.
950 2019 1114 2092 AEthiopia.
1129 2022 1257 2088 Quorum
1273 2020 1394 2095 triginta
1409 2020 1500 2078 milita
1520 2023 1551 2079 lu
1572 2029 1671 2096 aperta
1695 2040 1776 2084 cam·

887 2130 896 2159 ι
950 2126 1054 2181 porum
1070 2109 1191 2182 planitie
1205 2108 1345 2166 moidicus
1360 2111 1445 2167 nobis
1466 2111 1639 2182 retuterunt,
1666 2112 1718 2187 qui
1743 2112 1776 2172 in

949 2198 1048 2255 eodem
1064 2199 1225 2255 certamine
1239 2203 1397 2271 praesentes
1412 2200 1580 2268 adfuerunt,
1597 2209 1701 2273 prater
1714 2201 1773 2260 duo

949 2287 1043 2343 millia
1052 2287 1259 2345 suffocatorum
1271 2294 1298 2344 et
1308 2287 1472 2345 occisorum
1487 2289 1516 2345 in
1528 2293 1628 2363 portas
1640 2290 1734 2364 urhis,
1745 2295 1775 2350 st

947 2377 1059 2449 ubsque
1074 2377 1120 2433 his
1141 2379 1202 2449 qni,
1228 2393 1377 2434 armorum
1400 2377 1529 2449 pericula
1556 2378 1646 2438 vitare
1670 2379 1772 2438 existi-

947 2471 1071 2536 mantes,
1085 2466 1172 2522 undis
1187 2467 1284 2539 abyssi
1300 2467 1390 2523 maris
1409 2467 1555 2526 submersi
1571 2466 1635 2526 aloe
1646 2485 1769 2527 numero

922 2630 924 2635 .
945 2555 1103 2627 perierunt.
1120 2555 1200 2615 Nulli
1215 2573 1282 2615 vero
1297 2556 1532 2615 Christianorum
1544 2558 1599 2615 viri
1610 2559 1767 2631 nominati,

63 2160 133 2217 Cae.
151 2159 272 2217 xtvm.
284 2189 319 2202 -
334 2161 455 2228 Populus
480 2161 587 2227 rupinis
607 2160 720 2217 initiens
744 2161 881 2217 sternitur

206 2249 305 2287 morsus
318 2235 460 2288 continens
476 2234 603 2302 superior
615 2232 747 2302 efficitur.

94 2347 134 2397 st
148 2340 285 2414 gentiles,
296 2358 420 2412 quorum
432 2339 656 2398 innumerabilis
669 2341 828 2398 multitudo
839 2341 893 2399 ud.

62 2430 118 2488 huo
134 2431 165 2486 in
181 2429 275 2488 littore
287 2430 377 2487 maris
392 2436 420 2486 ei
435 2430 651 2501 campestrihus
668 2429 739 2487 locis
755 2432 889 2487 abunda·

62 2519 121 2587 hat,
138 2518 271 2575 videntes
287 2520 435 2592 quomodo
452 2520 578 2592 populus
595 2518 696 2575 Galliae
720 2519 833 2592 rupinis
861 2523 891 2575 et

62 2609 170 2682 pradia
187 2613 266 2666 totos
278 2609 412 2666 inhiabat
428 2619 456 2665 et
470 2610 507 2664 ah
523 2609 703 2665 insecutione
714 2613 887 2676 cessaverat,

62 2714 275 2771 usquequaque
290 2698 399 2754 relictis
413 2699 513 2765 sociis,
538 2704 567 2755 et
587 2700 672 2771 signo
696 2699 834 2754 tubarum
859 2703 888 2754 at

57 2789 241 2844 cornicinum
254 2788 421 2844 readunatis
433 2789 544 2844 viribus
556 2787 774 2857 suorum‚virus
784 2788 885 2860 prada

56 2878 186 2933 intentos
202 2882 231 2933 et
245 2875 312 2933 belli
328 2877 444 2946 oblitos,
466 2877 591 2933 viriliter
614 2877 778 2944 incurrunt,
803 2873 885 2945 gravi

56 2971 155 3039 strage
177 2966 355 3037 perimentes
384 2966 529 3036 incautos,
555 2970 707 3037 totamque
732 2964 883 3019 victorium

56 3054 288 3111 Christianorum
305 3059 455 3110 cruentam
472 3055 677 3115 reddidissent,
689 3052 745 3107 nisi
756 3051 881 3107 duxGo·
898 3071 920 3140 C

54 3142 200 3211 delardus,
216 3145 351 3215 princeps
367 3161 504 3198 summos
519 3142 691 3210 Jerusalem,
708 3142 757 3214 qui
775 3157 878 3197 versus

52 3238 194 3289 montana
208 3238 352 3289 extremas
365 3233 442 3288 aries
458 3232 613 3304 dirigebat,
629 3229 792 3304 periculum
813 3229 878 3285 illo·

52 3336 114 3377 nrm
131 3322 335 3391 considerans,
356 3327 384 3377 ei
409 3321 478 3393 qnia
504 3319 622 3375 avaritia
646 3323 745 3374 essent
767 3328 878 3387 caecati,

53 3410 115 3468 sine
132 3427 214 3467 more
229 3411 257 3466 in
271 3412 375 3467 taciem
387 3411 573 3466 inimicorum
586 3407 736 3477 udvulnns,
749 3407 877 3479 praedam

52 3498 254 3570 prohibuisset
269 3500 480 3570 universosque
494 3513 559 3552 curn
571 3497 670 3568 jurgio
681 3496 717 3552 nd
733 3496 878 3553 defensio·

51 3603 117 3645 uem
139 3591 183 3645 sic
199 3586 331 3645 hortatus
348 3589 463 3656 inisset,
480 3586 579 3641 diceus
594 3602 601 3640 :
619 3586 667 3641 «0
686 3585 740 3640 viri
757 3583 877 3641 rebelles

49 3682 76 3733 et
91 3675 322 3750 incorrigibiles,
339 3677 405 3748 quis
417 3693 467 3731 vos
479 3675 641 3742 fescinavit,
653 3678 685 3729 ut
701 3672 738 3730 ad
749 3674 875 3746 praedam

47 3767 168 3823 vetitam
184 3770 214 3821 et
231 3764 366 3822 illicitam
384 3782 488 3820 manus
506 3770 607 3820 vestra
631 3769 876 3834 converterentur,

49 3854 143 3913 donec
157 3854 270 3911 inimici
288 3856 387 3919 vestri,
406 3855 463 3910 Dec
478 3853 646 3919 auxiliante,
660 3853 688 3908 in
703 3851 800 3925 gladio
814 3869 876 3908 cor·

48 3944 199 4001 ruissent!
217 3945 279 4014 llis,
296 3944 452 4016 relinquite
467 3945 605 4014 predam,
615 3947 644 3997 et
660 3941 794 3997 hostilius
806 3944 876 3996 insi·

49 4031 874 4104 stite,etncliteoederenunciusurgentihus,clamarem

50 4119 85 4177 de
99 4122 185 4178 rubia
198 4120 360 4176 vindictam
376 4120 586 4193 querentibus.
600 4141 614 4169 n
628 4119 713 4180 Dixit,
725 4122 753 4172 et
764 4118 876 4173 medias

48 4226 245 4283 perrumpens
257 4211 335 4266 acies
347 4209 456 4266 atriolis
469 4208 670 4273 mucronibus,
681 4208 709 4262 in
720 4223 877 4263 manusue-

49 4314 112 4356 rum
130 4299 319 4373 sequentinm
335 4314 421 4371 grove
437 4297 565 4354 hostium
589 4296 715 4353 reddidit
738 4297 876 4353 extermi-
962 4346 967 4356 .

49 4388 128 4445 oium
141 4408 151 4457 ,·
164 4394 195 4444 et
211 4397 279 4444 tunc
295 4389 447 4443 universus
462 4404 479 4442 a
496 4388 592 4459 prada
608 4390 756 4441 revocatos
776 4403 873 4442 seusun

48 4480 151 4534 accivit
163 4478 194 4534 io
209 4494 283 4549 opos
299 4476 367 4532 hellr
384 4477 509 4548 repetiti.
527 4476 638 4531 Rursus
654 4476 784 4546 superati
800 4491 872 4547 gen·

48 4566 111 4624 tiles
126 4572 211 4640 terga
225 4572 353 4633 vertunt,
365 4566 401 4621 uh
412 4581 561 4622 armorum
571 4564 754 4620 creberrimis
764 4563 872 4619 ictibus

49 4658 83 4713 ad
96 4655 253 4713 Ascalonia
269 4656 370 4710 urbem
387 4656 485 4726 lugam
503 4659 694 4709 maturantes.

134 4783 200 4839 Cas.
217 4780 314 4836 xalx.
334 4811 360 4821 -
373 4782 440 4837 item
456 4778 491 4836 de
512 4794 577 4835 :rece
599 4778 781 4853 perditorum.

78 4889 146 4947 Dux
161 4905 229 4945 vero
239 4899 265 4944 et
275 4889 398 4960 quicum
410 4905 444 4944 eo
456 4893 549 4955 erant,
562 4886 707 4959 fugientes
718 4903 872 4959 peraeque-

47 4977 156 5037 bantur
171 4990 230 5034 vam
245 4978 361 5048 equites
377 4992 465 5049 quarn
484 4977 607 5047 pedites,
622 4981 652 5031 et
675 4976 755 5031 nullu
781 4976 870 5032 inier-

943 2642 1003 2700 illic
1017 2644 1194 2712 ceciderunt,
1209 2651 1314 2718 prater
1330 2662 1438 2718 paucos
1454 2647 1599 2721 pedestris
1622 2645 1714 2722 volgi,
1738 2652 1772 2706 ot

943 2733 1045 2804 procul
1063 2734 1153 2791 dubio
1167 2752 1184 2789 a
1197 2735 1331 2791 veridicis
1347 2735 1488 2793 iratribus
1506 2742 1688 2810 compertum
1713 2741 1769 2795 est.

941 2821 1000 2879 Hac
1015 2824 1083 2895 luga
1096 2828 1125 2879 et
1139 2826 1313 2883 contritione
1323 2826 1476 2899 gentilium
1487 2843 1519 2884 ac
1529 2827 1764 2885 Christianorum

940 2912 1069 2979 victoria,
1081 2911 1256 2986 longissima
1268 2915 1350 2971 hasta
1360 2922 1480 2989 argento
1490 2922 1592 2990 operta
1602 2922 1764 2989 pertulum,

939 3003 1017 3073 quod
1032 3008 1136 3058 vocant
1146 3003 1295 3071 standart,
1307 3009 1336 3060 et
1346 3020 1410 3076 qua
1421 3006 1496 3077 regis
1506 3004 1671 3078 Babylonio
1684 3023 1765 3065 exer·

938 3090 1008 3147 citui
1024 3090 1141 3161 signum
1155 3092 1371 3164 preferebatur,
1383 3102 1409 3149 et
1420 3092 1497 3150 circu
1507 3110 1597 3167 quam
1615 3099 1762 3172 precipua

934 3179 1027 3236 virtus
1041 3181 1232 3247 densabatur,
1245 3182 1280 3237 ad
1293 3197 1383 3254 quam
1398 3183 1465 3239 victi
1479 3188 1508 3240 et
1518 3184 1657 3257 dissipati
1666 3204 1765 3249 rerer·

859 3318 865 3330 ,
934 3269 1076 3333 labantur,
1088 3269 1759 3351 captaestaliebertusNerthmannorompria·

934 3356 1078 3429 cipe,etin
1089 3358 1233 3430 templum
1243 3358 1387 3416 Dominici
1398 3360 1523 3434 sepulcri
1536 3366 1721 3440 transmissa,
1730 3370 1760 3425 et

935 3461 1029 3517 usqne
1044 3445 1074 3502 iu
1091 3446 1266 3504 hodiernum
1281 3447 1358 3505 diem
1372 3449 1409 3506 cb
1436 3450 1607 3509 memoriam
1631 3453 1758 3515 victorio

934 3534 1168 3592 Christianorum
1184 3536 1331 3594 attitulata
1345 3543 1400 3596 est.
1417 3538 1500 3597 Nune
1515 3557 1583 3616 ergo
1598 3541 1652 3600 hac
1667 3542 1759 3603 beilo-

935 3642 999 3681 rnm
1016 3628 1309 3699 tempestatesedata,
1321 3634 1408 3704 atque
1419 3630 1538 3704 iteravi,
1550 3634 1600 3706 qui
1611 3636 1760 3697 secundus

935 3731 951 3771 a
967 3732 1033 3789 rege
1049 3717 1077 3772 in
1088 3718 1168 3773 omni
1179 3720 1296 3775 decreto
1307 3724 1337 3775 et
1347 3720 1762 3789 consiliohabetnr,cumlota

932 3808 1574 3881 genteauatriumphato,Christianialatitia
1592 3813 1759 3885 praedarum

854 3941 860 3953 .
931 3898 991 3950 tarn
1009 3896 1038 3952 in
1056 3898 1189 3954 tentoriis
1212 3915 1300 3971 quam
1325 3899 1477 3966 araneolis,
1502 3900 1634 3970 camelis,
1657 3902 1757 3974 bullis,

932 3983 1035 4051 asinis,
1051 3985 1165 4057 ovibus,
1181 3986 1282 4052 hircis,
1298 3988 1403 4054 bobus,
1420 3988 1690 4062 cunctisquerehus
1702 3992 1756 4050 trt-

931 4081 1041 4139 huitur.
1059 4084 1171 4149 Quibus
1192 4083 1308 4156 plurimi
1334 4086 1433 4142 onusti
1456 4089 1485 4144 et
1507 4087 1673 4163 refocillati,
1697 4093 1759 4149 tota

933 4176 1016 4228 nocte
1032 4171 1209 4241 erudientes,
1227 4172 1256 4228 io
1273 4175 1379 4246 gaudio
1393 4175 1491 4235 cerdis
1505 4182 1534 4234 et
1547 4192 1617 4236 voce
1627 4178 1756 4238 exsulto·

932 4258 1020 4313 tionis
1035 4257 1198 4314 Jerusalem
1216 4259 1320 4316 reversi
1337 4265 1419 4328 aunt,
1431 4267 1498 4319 ante
1508 4263 1756 4336 sepulcrumaan·

932 4346 1094 4402 ctissinrnvn
1110 4346 1169 4403 Dae
1189 4347 1451 4422 laudaeeigrstius
1462 4354 1699 4424 superomniboa
1713 4372 1757 4414 re·

891 4443 914 4508 [J
930 4435 1054 4491 terentes
1069 4452 1134 4507 qus
1149 4436 1192 4492 eis
1207 4453 1345 4510 prospere
1355 4442 1384 4495 et
1397 4438 1527 4511 gloriose
1537 4442 1716 4500 acciderunt.

929 4541 994 4597 Car.
1012 4542 1056 4597 tl.
1073 4573 1105 4582 -—
1131 4542 1224 4599 Comes
1248 4544 1428 4617 heymardus
1456 4545 1613 4604 decolorem
1637 4559 1664 4606 ct
1684 4552 1758 4609 deur

1017 4621 1114 4670 centro
1127 4616 1300 4672 christianes
1315 4618 1430 4673 coresitie
1452 4631 1502 4674 suc
1525 4618 1664 4688 obfirmat.

963 4701 1026 4758 Dux
1049 4702 1233 4772 Godeiridus,
1260 4704 1428 4761 readunatis
1449 4705 1537 4761 sociis
1565 4707 1699 4780 equitum
1725 4714 1754 4767 et

928 4793 1060 4865 peditum
1075 4792 1191 4849 circiter
1205 4793 1263 4848 duo
1280 4792 1383 4862 millia,
1396 4792 1642 4853 urbishacalonis
1654 4802 1754 4869 portas

927 4882 956 4938 in
973 4883 1052 4938 omni
1067 4880 1159 4938 latere
1174 4883 1302 4953 obsedit,
1314 4885 1347 4938 ut
1361 4882 1438 4939 cives
1453 4886 1482 4938 st
1496 4881 1605 4943 milites
1619 4902 1654 4942 ex
1676 4903 1750 4948 nova

926 4972 1004 5029 cade
1028 4981 1056 5028 et
1080 4970 1190 5028 recenti
1219 4971 1340 5027 victoria
1363 4970 1518 5042 stupelacti
1538 4988 1572 5028 ac
1593 4980 1752 5034 trementes

46 5069 121 5127 vallo
136 5068 491 5142 sterguadveraariorum
503 5066 656 5121 abluerunt
671 5084 679 5134 ;
692 5066 741 5121 scd
756 5065 785 5121 in
795 5067 871 5122 code
926 5062 1069 5120 civitatem
1083 5061 1334 5128 redderent,ultra
1343 5061 1531 5132 desperantes
1540 5063 1617 5135 rugis
1628 5063 1752 5140 Rabylo.

45 5157 222 5231 gravissima
236 5165 450 5227 persequentes,
469 5170 560 5226 usque
574 5155 608 5209 ad
626 5159 736 5224 perium
751 5154 870 5211 ascalo·
926 5154 979 5209 uia
989 5152 1220 5219 auxilium,cum
1231 5150 1410 5223 totiusregui
1421 5149 1467 5206 aui
1476 5150 1568 5209 virtus
1578 5160 1756 5229 congregata

45 5250 88 5305 nis
102 5264 157 5305 eoa
177 5245 322 5318 persecuti
345 5254 424 5299 sunt.
451 5243 597 5298 Fortunati
627 5242 677 5314 qui
701 5244 730 5298 in
755 5250 869 5315 portam
924 5241 1110 5297 vehementer
1124 5256 1202 5296 cuno
1218 5242 1318 5296 attrita
1333 5239 1422 5296 luerit
1436 5244 1464 5295 et
1478 5240 1631 5314 dissipata.
1642 5243 1750 5302 Verum

41 5335 149 5411 recepti
165 5338 248 5400 sunt,
263 5340 314 5391 aut
327 5334 488 5389 intromitti
505 5338 673 5400 putuerunt.
690 5331 762 5388 Nasu
789 5337 870 5388 tanta
924 5332 973 5387 ubi
990 5329 1100 5401 aliquid
1118 5329 1212 5385 nectis
1227 5329 1379 5401 prooessit,
1395 5328 1621 5403 plurimumque
1635 5333 1752 5391 consilii

42 5442 184 5503 pressim
198 5422 330 5497 fugiendi
346 5428 374 5478 et
395 5420 522 5476 intrandi
550 5420 717 5476 Sarracenis
742 5421 772 5476 in
794 5421 869 5494 ipsis
923 5419 1098 5478 ascalonitas
1113 5418 1243 5474 deurhie
1254 5416 1418 5474 redditione
1428 5422 1458 5474 et
1468 5417 1750 5479 vilssioiarceasione

42 5516 158 5576 brrbus
178 5513 261 5572 urhis
273 5512 364 5569 inissa
380 5518 515 5578 refertur,
531 5515 562 5565 ut
577 5511 634 5566 dou
652 5510 744 5566 millia
760 5516 788 5566 et
802 5528 868 5567 am·
923 5508 1071 5575 iniissent,
1086 5524 1185 5565 cumea
1196 5507 1399 5581 boymundus,
1411 5507 1530 5567 invidus
1544 5510 1641 5569 umuis
1652 5510 1752 5585 gloria

40 5607 119 5687 phos
127 5605 295 5667 cadumim
304 5605 334 5659 ot
345 5599 617 5659 suffocaturumsub
626 5599 868 5672 pedihoalntrao·
922 5597 1167 5659 docisilodeiridi
1178 5602 1296 5674 propter
1310 5599 1418 5658 turrim
1429 5599 1530 5671 David,
1543 5616 1632 5675 quana
1646 5601 1757 5663 ambs·
