3788 6000
55 230 134 295 (μῦ
536 222 636 289 ustis
656 221 815 287 cubitus
838 220 1010 286 cisiano.
1034 254 1073 271 ·-
1093 225 1196 290 Petis
1217 225 1271 293 111.
1684 236 1764 299 lits

53 356 153 413 exorat
167 349 288 409 brachia
302 353 331 407 et
341 352 436 407 totum
447 363 553 423 eorpus
563 348 702 422 usquead
715 346 879 421 cingulum,
894 349 922 418 Α
938 349 1040 423 culpas
1051 367 1103 425 pro
1118 352 1227 426 quibus
1237 353 1352 411 veniam
1365 355 1460 428 petiit.
1474 355 1693 430 (inmundiciis,
1706 365 1765 418 sta·

55 453 82 503 et
99 444 264 501 consistens
284 440 425 497 inclinato
444 438 539 512 capite
555 437 630 495 uibil
645 437 724 495 dicat
749 437 805 494 uisi
824 441 886 492 tau·
940 438 992 494 tim
1008 441 1217 514 subsequatur,
1234 444 1269 499 lle
1282 444 1325 501 bis
1338 446 1761 521 clomntbaaoliismeicpecca·

56 539 132 602 tuni,
144 549 205 590 mec
219 532 312 604 calpa,
333 546 382 603 ego
403 545 446 587 me
469 527 631 596 emendabo,
650 528 727 600 quod
757 526 888 583 crebrius
938 528 975 584 tir
990 545 1033 586 me
1047 547 1125 588 ream
1140 533 1273 605 confiteor
1284 539 1309 591 et
1320 535 1430 592 reniam
1440 535 1578 608 deprecor.
1589 537 1671 594 'lunc
1683 539 1763 611 prior

58 629 186 695 repetat.
200 620 255 677 Sed
286 635 381 691 neque
409 618 486 675 alius
516 616 628 674 iuterim
652 615 800 689 loquatur,
829 614 886 672 nisi
939 617 1759 699 lactasupercuniabsolutioneiujuugatpeonitentiam.

62 713 137 771 iorte
152 710 262 783 aliquis
277 709 312 765 de
324 707 470 783 prioribus
491 725 543 781 pro
565 723 599 764 eo
619 705 773 763 humiliter
801 703 888 761 iuter·
940 707 1046 766 Deinde
1062 716 1157 782 potest
1171 728 1238 768 eum
1255 715 1430 784 cout‘ortare,
1446 715 1491 770 vel
1507 731 1636 782 monere,
1651 716 1694 773 vel
1712 718 1759 774 in·

60 799 155 861 cedat.
166 797 220 865 Qui
230 804 405 854 autemeam
416 794 561 860 verberat,
574 811 631 851 non
643 792 887 850 cesseiaverbero
943 813 1060 872 crepare
1075 806 1162 872 prout
1177 803 1282 858 viderit
1294 802 1320 858 ei
1330 805 1465 872 expedire
1478 804 1503 861 si
1514 805 1648 876 voluerit,
1665 807 1761 864 brevi·

63 887 207 959 usquead
223 884 390 959 jussionem
405 882 611 957 abbatis;qui
631 882 701 939 dom
731 880 887 955 quieverit,
939 888 1546 962 testamensiquiscausaoonlessiouis
1569 893 1759 966 aliquemeo·
1844 888 1848 897 ’

62 977 181 1048 adjuret
195 975 278 1032 illum
295 974 413 1031 tratrem
430 975 465 1030 ad
483 973 666 1031 induendum
678 988 685 1031 :
698 975 749 1046 qui
764 970 887 1028 indutus
939 992 1004 1033 rum
1021 977 1072 1049 qui
1091 980 1289 1037 confessiones
1299 981 1422 1048 audivit,
1439 987 1504 1054 post
1527 983 1644 1056 signum
1660 984 1760 1042 misem

61 1072 91 1125 et
106 1073 232 1134 erectus,
249 1082 306 1123 noo
323 1068 488 1123 semoveat
516 1066 608 1124 douae
635 1064 727 1122 abbas
747 1063 834 1133 dicat,
850 1064 887 1120 ite
939 1065 1105 1134 detinuerit,
1116 1066 1160 1124 vel
1171 1068 1207 1124 de
1219 1069 1478 1128 misseerocaverit
1489 1071 1665 1147 incapitulo,
1678 1079 1758 1131 utro·

61 1173 177 1222 acrium,
192 1161 222 1212 et
236 1160 307 1212 tuno
320 1154 466 1213 ineliuaus
478 1160 525 1212 eat
544 1154 574 1212 iu
593 1151 688 1211 locum
705 1169 803 1210 suom.
825 1155 887 1210 llos
939 1161 1100 1229 questaute
1112 1156 1238 1215 breviter
1257 1159 1442 1219 confiteatur.

61 1263 178 1322 quoque
193 1246 345 1304 sciendum
355 1255 409 1314 est,
427 1246 504 1319 quod
524 1245 574 1302 ille
586 1244 636 1318 qui
664 1243 810 1302 inlerioris
825 1259 888 1317 gra·
1231 1248 1349 1307 CAPUT
1364 1250 1456 1307 LXXI.

60 1338 118 1395 dus
143 1341 199 1405 est,
223 1354 281 1393 nou
299 1336 386 1394 debet
406 1335 557 1393 verberare
577 1334 770 1408 superiorem,
791 1332 821 1390 id
842 1335 888 1390 eet
993 1337 1120 1407 Qualiter
1134 1353 1162 1394 se
1176 1339 1294 1396 babeant
1311 1341 1414 1411 fratrer
1434 1352 1556 1414 tempore
1571 1343 1705 1400 lectionis.

60 1429 204 1485 diaconus
217 1427 410 1495 sacerdotem,
435 1427 486 1483 sed
517 1425 638 1499 aequalis
662 1424 815 1499 aqualem,
844 1422 887 1480 vel
976 1429 1032 1502 (17)
1046 1433 1156 1486 Fratres
1172 1431 1599 1503 egrcseidacopitulosedeant
1613 1434 1761 1491 adlectio·

64 1519 199 1590 superior
213 1519 390 1576 interiorem.
403 1521 463 1575 Hoc
474 1518 561 1574 etiam
582 1521 718 1575 caveatur
729 1532 765 1572 ne
779 1514 888 1588 eliquia
939 1535 1018 1591 uem,
1034 1522 1159 1592 exceptis
1174 1518 1233 1576 illis
1249 1520 1357 1592 quibua
1373 1522 1598 1592 procurantibus
1612 1522 1708 1580 olficia
1722 1523 1762 1579 le·

64 1614 146 1666 extra
160 1608 321 1680 capitulum
338 1607 476 1680 loquatur
495 1606 595 1675 alicui,
613 1604 658 1662 vel
688 1605 837 1680 significet
851 1604 887 1661 de
938 1623 1007 1680 gere
1024 1625 1080 1665 nou
1099 1615 1193 1665 vacat.
1206 1609 1274 1674 Qua
1290 1614 1387 1665 tameo
1399 1617 1555 1683 postquam
1571 1612 1761 1684 expleverint,

66 1699 173 1772 culpis,
183 1696 647 1771 seudesecretisquaiucapitulo
659 1698 885 1770 pertractantur.
901 1713 925 1780 p
941 1699 1061 1755 redeant
1075 1698 1111 1755 ad
1123 1697 1288 1756 lectionem.
1304 1699 1347 1755 ltd
1363 1699 1524 1756 orationem
1539 1716 1606 1757 vero
1626 1701 1668 1759 ire
1691 1718 1762 1775 pos·

100 1787 183 1854 Quod
198 1787 223 1843 si
238 1789 394 1861 episcopus
419 1786 566 1843 vctabbas
595 1785 805 1843 monachorum
832 1801 884 1842 seu
939 1786 1762 1859 suutiudcolesiam,noosolumtuuo‚sedetomuitem·

64 1877 236 1935 clericorum
249 1876 490 1949 regularium,vel
506 1880 594 1933 etiam
611 1892 659 1933 rex
670 1875 885 1948 aliquandoca·
939 1894 1008 1952 pore
1024 1877 1168 1945 lectionis,
1186 1884 1215 1935 et
1238 1879 1273 1935 ad
1290 1881 1388 1936 omnia
1404 1878 1555 1936 intervalla
1571 1880 1618 1936 ubi
1636 1897 1694 1937 non
1714 1898 1762 1939 se·

66 1967 192 2043 pitulum
209 1967 369 2034 intraverit,
382 1972 570 2038 assurgentes
584 1965 610 2022 ei
625 1981 729 2023 omues
745 1963 887 2022 inclinent
941 1971 1039 2038 deant,
1053 1985 1105 2026 nec
1119 1969 1235 2042 caputia
1244 1970 1273 2025 in
1282 1969 1574 2042 capitibusbabeaut,
1588 1985 1640 2027 uec
1652 1970 1762 2044 legent,

61 2075 129 2116 cum
147 2056 537 2126 anteeostransierit3quod
549 2054 574 2112 si
585 2055 753 2113 societatem
765 2053 887 2128 quesie-
939 2076 992 2116 uec
1006 2059 1249 2118 librumteueaut.
1267 2059 1408 2116 similiter
1432 2076 1499 2116 cum
1510 2076 1585 2133 opus
1606 2060 1656 2116 Dei
1671 2062 1701 2116 iu
1713 2076 1761 2119 ec·

63 2147 110 2215 rit,
126 2145 351 2221 assurgentibus
367 2146 505 2202 omnibus
522 2146 699 2202 concedatur
721 2143 748 2200 ei
777 2159 828 2217 per
853 2141 886 2199 li·

61 2237 148 2292 brum
163 2236 219 2308 (70)
237 2240 285 2290 :et
295 2250 436 2307 responso
447 2235 543 2302 lmen,
560 2233 698 2290 similiter
709 2232 801 2290 abbas
812 2248 886 2306 qus·

62 2330 108 2383 rat
122 2327 159 2382 ab
174 2341 208 2382 eo
216 2330 328 2398 partem
338 2322 471 2381 beneficii
482 2324 540 2382 soi.
549 2325 602 2389 Qui
614 2327 771 2397 postquam
784 2324 887 2380 demo-

62 2427 142 2473 ratus
158 2416 400 2486 lueritquautum
415 2413 526 2471 tenenti
550 2412 712 2486 capitulum
734 2411 885 2486 placuerit,

65 2507 189 2562 deducet
203 2521 271 2561 eum
282 2504 318 2559 ad
327 2503 489 2577 hospitium
500 2502 580 2577 prior
590 2501 634 2560 vel
644 2501 691 2559 cui
700 2502 824 2576 jusserit
838 2501 887 2559 ab·

64 2597 128 2666 bas,
144 2603 299 2665 antequam
311 2593 651 2666 couventusegrediatur,
665 2591 722 2649 uisi
734 2591 825 2648 abbas
837 2607 885 2648 us·

64 2701 116 2759 qse
127 2686 160 2740 sd
179 2685 265 2740 linem
279 2682 399 2756 capituli
410 2679 749 2740 eumrctinerevoluerit.
765 2680 886 2746 Quodsi

64 2773 226 2831 monachus
239 2771 283 2829 vel
298 2771 431 2841 clericus,
443 2771 487 2828 vel
499 2771 586 2828 etiam
600 2770 703 2841 ,laicos
728 2770 826 2837 inerit,
843 2786 887 2827 ee·

64 2866 160 2922 dendo
175 2881 314 2921 concesso
327 2863 353 2920 ei
369 2861 535 2921 societates
549 2859 779 2932 quolibetlratre
793 2859 885 2917 dedu-

61 2956 156 3009 cutur.

939 2148 1026 2207 clesia
1038 2148 1212 2218 celebratur,
1230 2165 1282 2207 uec
1292 2149 1544 2223 caputiahabeaot
1559 2149 1588 2206 iu
1604 2150 1761 2223 capitibus,

938 2255 991 2297 uec
1001 2239 1101 2313 legant
1115 2246 1218 2313 preter
1233 2238 1304 2297 illos
1315 2239 1365 2312 qui
1382 2238 1556 2296 psalterium
1576 2240 1722 2308 nesciunt,
1733 2245 1762 2298 et

939 2329 989 2402 qui
1004 2331 1038 2387 ad
1053 2346 1180 2403 presens
1195 2347 1269 2402 opus
1280 2330 1447 2403 previdere,
1463 2328 1558 2403 legere
1576 2335 1628 2386 aut
1642 2334 1761 2389 cantare

938 2421 1049 2493 aliquid
1065 2435 1183 2478 necesse
1198 2419 1364 2477 habuerint.
1381 2419 1435 2485 Oui
1450 2421 1553 2476 veroin
1569 2419 1697 2477 claustro
1712 2437 1761 2478 se·

938 2511 1044 2580 derint,
1061 2509 1196 2583 religiose
1210 2526 1242 2567 se
1257 2509 1394 2576 babeant,
1412 2508 1520 2580 singuli
1536 2510 1565 2565 iu
1584 2508 1708 2581 siugulis
1721 2508 1761 2565 ii·

939 2601 998 2658 bris
1014 2601 1152 2673 legentes,
1172 2601 1302 2674 exeeptis
1323 2598 1449 2672 illisqui
1478 2599 1509 2656 iu
1530 2598 1761 2672 Autipbouariis,
1860 2618 1864 2627 ·

938 2691 1115 2764 Hymnariis,
1127 2690 1325 2747 Gradoslibus
1341 2689 1533 2759 cantaverint,
1545 2693 1574 2745 st
1590 2688 1648 2745 illis
1659 2689 1709 2763 qui
1720 2687 1761 2745 le·

938 2781 1127 2837 otioneasuss
1144 2778 1339 2851 pranderint,
1352 2794 1425 2850 quas
1441 2778 1587 2834 auscultet
1601 2778 1759 2835 cautesvel

937 2868 1059 2941 quilibet
1069 2868 1157 2923 irater
1165 2870 1199 2924 ad
1216 2866 1271 2924 boo
1287 2866 1455 2923 idoneusab
1471 2866 1535 2939 ipso
1547 2867 1687 2923 monitor.
1702 2866 1760 2924 Ne·

938 2955 1760 3031 quoinquietsniseinviceminquestionibusisoiendia
1866 3026 1869 3031 ¹

96 3043 126 3101 si
142 3042 260 3117 quises
279 3058 337 3114 quo
354 3043 458 3099 iratres
483 3038 608 3113 ingressi
629 3041 700 3096 sunl
722 3037 883 3112 capitulum
900 3066 923 3135 c
943 3049 997 3104 nisi
1013 3048 1049 3103 de
1064 3044 1216 3120 productis
1227 3052 1255 3102 et
1265 3045 1405 3118 correptis
1430 3045 1610 3112 accentibus,
1626 3050 1655 3102 et
1673 3049 1708 3103 de
1720 3045 1765 3104 di·

61 3133 129 3189 issdfl
144 3132 247 3187 exterit
263 3132 320 3188 ⁰5⁸1
333 3132 446 3202 1⁰⁸⁸¹¹⁸r
458 3135 510 3186 ⁸¹¹2
523 3129 697 3201 undumeni
714 3127 749 3184 (¹⁰
765 3127 885 3183 1³³?th
941 3139 1037 3194 ctione
1052 3152 1141 3209 quam
1151 3135 1246 3208 legere
1257 3136 1467 3208 ignoraverint,
1479 3140 1507 3192 et
1517 3135 1551 3191 de
1560 3135 1714 3210 principiis
1723 3135 1765 3193 la·

61 3224 168 3289 nunni,
184 3223 226 3279 vni
243 3223 331 3279 eninm
347 3236 478 3286 vnmnnn,
491 3219 551 3276 siro
563 3234 615 3292 pro
628 3216 728 3273 tabula
742 3216 888 3290 ndiegnn·
941 3226 1069 3283 ciiouum
1086 3227 1121 3281 ad
1138 3240 1284 3290 mensam,
1299 3231 1327 3281 ct
1341 3225 1537 3295 collationem,
1554 3235 1580 3282 et
1591 3226 1627 3282 ad
1643 3225 1764 3301 vigilias

61 3315 132 3370 dum
146 3313 304 3378 afferenda,
315 3310 483 3367 satisfacere
494 3308 587 3365 debet.
601 3306 657 3364 Sed
669 3323 721 3364 uec
739 3305 888 3364 licentiam
941 3325 1007 3364 cum
1023 3321 1142 3364 necesse
1159 3304 1257 3376 luerit,
1270 3322 1334 3378 que
1350 3307 1518 3362 brevissime
1540 3307 1623 3364 ssent.
1646 3308 1674 3363 si
1700 3308 1767 3382 quis

64 3403 184 3459 exeundi
200 3402 267 3474 quis
289 3405 412 3474 querat,
433 3398 490 3456 nisi
516 3412 603 3454 cocus
619 3404 669 3453 aut
684 3394 888 3453 obedientialis
941 3397 1077 3453 habuerit
1091 3397 1241 3468 caputium
1258 3395 1391 3468 incapite
1405 3396 1475 3452 dum
1488 3395 1707 3470 legerit,taliter
1718 3399 1767 3455 ba·

66 3492 165 3558 luerit,
182 3495 233 3548 aut
244 3492 404 3548 necessitas
415 3495 525 3545 uaturae
534 3485 719 3559 compulerit,
730 3484 774 3542 rel
784 3484 889 3542 cuiab·
940 3487 1008 3544 beat
1023 3504 1055 3544 sc
1075 3493 1107 3542 ut
1122 3487 1213 3558 possit
1228 3486 1368 3558 perpendi
1381 3490 1405 3542 si
1417 3487 1554 3543 dormiat.
1569 3486 1652 3555 Quod
1668 3488 1693 3543 si
1710 3486 1767 3544 alt·

66 3585 119 3641 bas
136 3591 202 3640 unte
217 3584 366 3652 indixerit,
381 3587 432 3639 aut
442 3583 492 3655 qui
502 3582 532 3638 iu
546 3580 774 3653 viadirigeudus
789 3579 886 3637 luerit.
941 3575 1422 3650 quisueccssebabueritdivertere
1432 3575 1763 3646 alicubi,librumsuum

66 3675 117 3731 leti
133 3675 305 3747 itaquecum
320 3689 438 3729 necesse
454 3671 619 3742 habuerint,
629 3669 724 3727 solent
734 3668 888 3742 proollicio
941 3667 970 3723 iu
983 3667 1111 3723 armario
1125 3665 1180 3739 (72)
1193 3670 1330 3738 reponat,
1346 3669 1398 3722 aut
1412 3664 1437 3721 ei
1450 3665 1518 3722 sade
1529 3681 1658 3723 suasum
1668 3665 1766 3724 dirnit·

67 3781 121 3820 suo
136 3780 218 3835 signo
230 3765 354 3819 exeundi
367 3761 514 3818 licentiam
527 3776 666 3834 quarere.
677 3758 821 3816 Tractatis
832 3759 888 3831 igi·
940 3762 1000 3813 tere
1016 3753 1149 3821 voluerit,
1163 3755 1249 3811 iaciat
1264 3755 1383 3827 signum
1400 3754 1482 3810 tratri
1502 3755 1588 3826 juxta
1606 3754 1720 3812 sedenti
1735 3763 1768 3812 ut

66 3861 190 3925 torquis
199 3852 353 3910 tractanda
366 3856 446 3918 eunt,
457 3856 613 3923 surgentes
624 3863 727 3904 omues
738 3852 888 3904 vertautsc
940 3845 1022 3901 illum
1035 3844 1192 3902 custodiat.
1208 3842 1291 3907 Quod
1308 3844 1425 3915 signum
1438 3843 1527 3899 etiam
1546 3849 1613 3915 post
1627 3843 1770 3915 vesperas

63 3947 98 4000 ad
116 3944 267 4011 orientem,
283 3946 311 3998 et
327 3940 430 4014 eloqui
443 3943 520 3996 tenet
534 3937 792 4013 capitutumdicat,
803 3938 889 4012 ridja-
940 3932 1035 3989 lacere
1050 3932 1125 3989 licet.
1143 3934 1263 3988 Porrosi
1281 3932 1348 4005 quis
1363 3931 1399 3988 ab
1415 3933 1513 4004 aliquo
1535 3931 1644 3989 librum
1662 3933 1690 3989 iu
1706 3950 1766 4007 quo

67 4035 169 4090 lorium
184 4038 309 4089 nostrum
325 4033 354 4089 in
368 4029 480 4087 nomini
491 4030 601 4088 domini·
617 4045 624 4085 :
645 4039 674 4086 nt
695 4044 836 4102 ienpnnsn
850 4029 887 4084 nb
940 4019 1010 4094 legit
1021 4020 1169 4078 velcantat
1179 4020 1309 4093 accipere
1319 4020 1456 4088 voluerit,
1468 4037 1587 4079 neccsse
1606 4022 1717 4080 habeus
1731 4023 1762 4079 iu

68 4120 465 4192 omuibusoaiisritcoetum
494 4129 520 4176 et
544 4127 659 4187 terram,
687 4118 829 4175 inclinent
850 4118 887 4175 nd
940 4128 973 4169 eo
985 4111 1234 4180 videra,tradatei
1247 4109 1349 4178 alium,
1364 4114 1393 4166 et
1417 4110 1466 4167 ilie
1486 4111 1532 4167 cui
1553 4112 1718 4182 tradiderit,
1734 4111 1764 4171 iu
1855 4120 1858 4127 '

68 4210 208 4266 orientem
224 4215 253 4266 et
269 4214 374 4265 exeant
389 4224 500 4279 omnes,
517 4209 574 4265 uisi
589 4207 699 4280 aliquis
725 4211 888 4265 remoretur
939 4217 1010 4274 paee
1025 4201 1051 4257 ei
1067 4199 1207 4257 dimittat.
1217 4202 1308 4266 Quem
1318 4199 1342 4257 si
1354 4200 1380 4257 ei
1389 4201 1612 4259 accommodare
1623 4201 1761 4271 uoluerit,

67 4316 155 4357 causa
166 4300 359 4356 confessionis
371 4298 416 4355 vel
432 4298 623 4356 inormitatis.
644 4296 776 4365 Ouandiu
788 4302 886 4354 tamen
939 4294 989 4352 illo
1000 4291 1051 4367 qui
1059 4290 1130 4364 petit
1142 4289 1172 4346 iu
1184 4306 1253 4362 pace
1269 4291 1355 4362 ierat,
1365 4292 1458 4349 donec
1469 4308 1559 4365 super
1581 4309 1615 4350 eo
1636 4293 1666 4349 io
1681 4292 1765 4365 capi-

65 4388 170 4459 aliquis
181 4389 349 4456 cousstetur,
365 4388 465 4445 nullus
478 4388 517 4445 ibi
534 4392 693 4459 remaneat,
708 4386 765 4443 uisi
781 4385 831 4460 qui
846 4387 885 4445 ei·
938 4383 1081 4441 tuloiode
1092 4380 1355 4455 proclamationem
1366 4382 1462 4440 laniat.
1474 4382 1766 4440 ltasebabeantdum

68 4476 131 4535 mili
148 4483 306 4552 occupatur
317 4494 413 4550 opere.
425 4478 497 4535 Nam
511 4477 591 4535 omui
601 4475 883 4550 tamporelectiouie‚
939 4473 1052 4531 sedent.

58 4584 117 4625 non
129 4574 227 4625 tumeo
239 4567 295 4625 nisi
309 4573 377 4625 aute
388 4566 543 4641 prandium
556 4571 585 4624 et
595 4566 681 4623 etiam
691 4565 881 4625 inintervallo
973 4564 1048 4620 Dum
1061 4578 1127 4620 vero
1138 4560 1292 4618 ambulent
1304 4561 1451 4619 humiliter
1463 4560 1612 4631 incedant,
1627 4565 1656 4616 et
1665 4560 1764 4619 disco·

63 4665 130 4713 ante
148 4656 286 4727 Primam,
302 4659 428 4729 possunt
443 4655 482 4712 ibi
498 4654 640 4712 conliteri.
935 4657 1034 4727 operto
1054 4651 1148 4723 eapite
1167 4651 1353 4723 suppliautes
1373 4650 1430 4723 (73)
1446 4649 1570 4706 invicem
1591 4648 1760 4707 obviando:

96 4747 254 4816 Postquam
264 4761 334 4817 ergo
345 4745 517 4813 resederint,
529 4743 608 4800 dieat
618 4743 697 4817 prior
706 4741 878 4800 benedicite:
935 4743 1013 4816 quod
1030 4741 1054 4798 si
1071 4739 1170 4797 abbati
1186 4739 1378 4807 obviaverint,
1394 4739 1538 4795 divertant
1553 4753 1585 4794 se
1597 4739 1626 4795 lo
1649 4743 1763 4811 partem

55 4840 85 4891 et
102 4850 242 4907 responso
257 4835 400 4903 Drmiam,
416 4834 614 4906 subsequatur
640 4833 729 4906 prior,
753 4832 823 4889 Deae
842 4834 880 4890 rit
935 4830 1136 4905 supplicantes
1150 4828 1187 4884 ei.
1200 4829 1266 4893 Qua
1282 4827 1459 4899 supplicatio
1471 4827 1581 4901 ubique
1609 4827 1662 4884 ilat
1681 4833 1763 4885 extra

54 4923 216 4981 nobiccum:
231 4930 260 4981 et
275 4941 415 4999 responso
439 4924 535 4991 Amen,
559 4922 732 4980 confiteatur
756 4921 880 4978 breviter
935 4919 1153 4985 dormitorium,
1166 4917 1280 4989 quoties
1291 4918 1389 4974 abbati
1401 4915 1447 4973 vel
1458 4918 1519 4974 sibt
1528 4917 1651 4973 invicem
1661 4917 1763 4975 obvia-

89 5064 148 5138 (7ο)
164 5071 218 5121 Per
232 5066 345 5131 libram,
366 5066 451 5123 idest
468 5081 520 5138 per
539 5063 676 5135 Regulam
701 5063 731 5120 S.
757 5063 876 5135 Beusd,
966 5062 1023 5136 (72)
1051 5061 1195 5117 Amidam
1223 5064 1285 5116 erat
1308 5060 1380 5118 celte
1397 5075 1448 5116 seu
1468 5058 1549 5115 loeus
1576 5060 1651 5116 inter
1671 5059 1766 5117 eoele-

54 5152 121 5192 cum
137 5154 172 5193 ea
183 5136 240 5193 lere
256 5139 425 5194 raeremonia
440 5155 503 5210 que
525 5138 555 5194 lu
578 5136 676 5193 libello
699 5135 789 5208 antiq.
808 5136 875 5193 dell.
934 5136 1009 5191 siani
1024 5139 1053 5190 et
1068 5132 1231 5203 capitulum
1248 5131 1331 5188 libris
1346 5132 1555 5188 conservandis
1569 5139 1760 5205 preparatus.

53 5209 231 5265 describitur
244 5210 314 5267 diet.
331 5211 374 5278 15,
390 5226 453 5282 cop.
465 5209 577 5266 ultimo.
968 5207 1028 5275 (72)
1047 5203 1254 5274 supplicanter.
1269 5204 1334 5261 ileo
1350 5203 1525 5276 supplicatio
1545 5204 1647 5261 eedem
1667 5208 1714 5261 est
1728 5221 1762 5262 ao

90 5280 147 5354 (71)
158 5282 246 5338 tuxia
263 5283 319 5345 boc,
331 5286 418 5354 caput
442 5281 553 5338 licitum
573 5288 634 5337 erat
654 5277 806 5336 monacbis
821 5296 874 5338 no·
930 5276 1098 5334 benedictio
1114 5277 1149 5331 de
1167 5292 1224 5347 qna
1238 5276 1268 5331 S.
1286 5277 1462 5333 benedictus
1478 5274 1608 5348 loquitur
1624 5292 1689 5349 oap.
1713 5277 1759 5337 63.

53 5352 581 5426 strie‚tempusomnequoditlisab
604 5352 701 5408 oillcio
732 5350 876 5409 divinoet
928 5366 988 5406 sue
1000 5348 1129 5419 Regulos.
1148 5345 1547 5421 Utraqueautemlitcspitis
1569 5347 1763 5419 apertioueet

54 5438 142 5494 opere
157 5441 299 5481 manuum
315 5428 479 5497 supererat,
496 5424 539 5479 vel
556 5423 673 5479 lectioni
685 5421 728 5478 vel
748 5424 874 5480 orationi
929 5418 1313 5492 corporiaiuclruatiooe.lu
1325 5437 1382 5494 qua
1394 5420 1492 5477 Petrus
1503 5419 1687 5477 Venerabilis
1695 5436 1763 5478 oon·

50 5493 210 5626 ipsumegg,
226 5496 312 5569 idque
322 5497 485 5554 seeundum
503 5496 573 5568 iteg.
585 5494 614 5552 S.
628 5494 733 5551 Bened.
747 5511 812 5569 cap.
827 5496 873 5568 ld,
928 5492 1027 5623 effluit
1052 5490 1087 5548 is
1106 5491 1266 5548 discrimen
1289 5491 1526 5551 cisterciensium
1548 5509 1565 5549 a
1587 5492 1761 5553 Cluniaceo·

50 5581 158 5639 soap.
208 5608 217 5628 .
929 5581 944 5624 s
979 5578 1026 5623 us.
