3788 6000
15 152 23 223 7
89 164 128 268 aa
310 249 313 254 .
757 196 898 261 cesus
919 195 1150 258 panoensis.
1757 201 1801 262 00

72 332 219 413 'quaeritis
236 342 414 405 villamesca
426 339 599 395 eichendal
611 353 694 409 prope
709 338 738 392 in
754 351 823 405 apro
834 334 913 390 boues
926 337 954 403 Α
969 331 1042 385 tium
1072 330 1225 385 domicum
1246 330 1422 388 familiarius
1434 330 1469 366 ²⁸⁵
1487 333 1567 405 loqui
1583 334 1735 402 auderent,
1752 324 1801 390 sel

86 407 280 504 stimulatus,
301 429 376 500 quud
401 430 473 496 opit,
489 430 573 484 citius
587 444 654 499 opus
669 424 705 460 ¹⁵⁶
730 433 853 496 perapat.
870 421 913 478 Ad
969 420 1048 477 siout
1063 419 1220 487 columbae,
1235 420 1259 476 si
1275 423 1392 493 quando
1409 421 1509 494 aliqua
1524 426 1676 496 peregrina
1691 424 1729 479 ad
1747 440 1799 481 aas

86 536 170 590 quern
188 518 285 573 nuncii
300 519 471 573 accedentes
483 518 639 588 inquiunt:
969 510 1091 579 accedit,
1120 509 1268 580 imprimis
1284 527 1346 566 eam
1372 515 1542 583 pavescunt,
1558 516 1588 566 et
1603 529 1670 568 mox
1686 515 1714 567 iu
1732 514 1798 586 ipso

58 648 62 661 .
126 607 172 664 Vir
181 610 333 676 fortunate,
346 606 404 662 duc
418 607 495 661 nobis
510 607 543 641 ²⁸³
556 604 610 661 diis
625 612 754 676 generate
770 602 777 657 l
968 597 1065 654 volatu
1095 614 1158 653 eam
1175 599 1377 655 assuefaciunt
1405 599 1441 635 ¹⁰⁶
1458 609 1485 656 et
1500 599 1536 636 ²⁸⁷
1551 618 1613 656 eam
1631 604 1718 673 qussi
1734 620 1802 675 pro·

88 697 132 762 lit,
144 696 219 752 sicut
235 713 297 751 mos
312 702 357 752 est
383 696 570 758 rusticianus
585 695 695 750 sufficit
709 693 743 728 ²⁸⁸
759 691 850 748 semel
867 690 913 746 di·
969 687 1063 759 priam
1082 688 1191 741 taciunt
1204 692 1233 742 et
1248 687 1443 760 diligunt3sic
1459 689 1583 745 illicem
1598 691 1800 749 fabularentur

87 787 177 851 risse,
193 791 236 841 set
247 785 349 841 inflata
364 786 454 841 bucca
467 765 649 856 ingeminant
663 801 669 839 :
968 776 1132 846 equitantes
1147 779 1176 830 et
1199 777 1498 833 sermocinationibus
1515 779 1569 834 iter
1583 779 1800 851 adbreviarent,

122 875 204 932 sntpp
219 875 287 941 dux,
303 875 381 932 salpe
395 876 441 944 ¹⁵⁰,
457 892 557 944 mfrpnn
572 875 732 946 nippiseimp
746 871 839 938 laude,
969 880 1002 919 so
1015 865 1142 935 jocando
1158 863 1195 899 ²⁸⁸
1212 883 1262 937 per
1272 865 1389 923 scurilia
1405 868 1492 924 verba
1508 867 1635 927 laborem
1651 871 1799 942 fallerent,

122 967 205 1022 Sotae
218 967 305 1034 boues,
316 976 391 1021 mata
405 970 500 1034 nester,
516 965 629 1020 ascende
643 963 804 1019 caballum!
970 970 1059 1019 unus,
1077 955 1126 1026 qui
1141 960 1203 1010 orel
1215 955 1355 1010 audacior
1369 961 1397 1011 ct
1407 955 1506 1029 lingua
1523 960 1701 1029 promptior:
1715 967 1740 1017 t)
1751 960 1801 1017 tto·

86 1054 122 1110 Εἰ
146 1054 182 1088 ²⁶⁰
208 1060 372 1110 monstrant
400 1058 495 1109 vestes
532 1057 725 1123 sternuntque
749 1048 908 1106 cabellum.
970 1043 1055 1110 miae,
1073 1043 1246 1115 dimicanti,
1267 1044 1354 1108 nobis,
1370 1046 1411 1101 uu
1425 1047 1491 1117 quid
1506 1047 1553 1103 laos
1567 1049 1802 1105 coturnassubcrc

88 1146 207 1200 Domina
220 1149 318 1200 nostra
334 1145 452 1199 Labossu
465 1151 490 1198 et
497 1143 573 1212 plebs
589 1143 718 1197 uniuerso
734 1139 767 1175 ’⁶¹
785 1137 909 1204 rrraridat,
970 1136 1094 1189 consutos
1108 1135 1133 1189 et
1162 1132 1196 1188 ad
1223 1134 1358 1189 nichitam
1372 1137 1427 1190 uisa
1455 1134 1490 1171 ²⁸⁹
1504 1140 1536 1193 at
1562 1139 1748 1208 projiciantur
1767 1138 1802 1176 ¹⁹⁰

85 1236 117 1288 ut
132 1234 185 1290 cito
200 1232 305 1298 uenias,
317 1241 343 1288 et
358 1232 413 1287 tibi
426 1247 458 1287 ac
468 1233 521 1286 tuis
532 1230 676 1302 nepotibus
691 1227 784 1300 fatale
798 1243 914 1300 repaum
970 1228 1048 1292 aplos
1063 1237 1112 1276 ²10⁸
1137 1238 1248 1277 tertiare
1261 1223 1366 1293 [witti.
1387 1240 1443 1280 '1⁰72
1457 1227 1527 1281 wilt
1550 1242 1694 1297 postumo-t
1708 1227 1798 1284 admi·

87 1321 216 1392 accipias.
234 1319 334 1374 Omnia
348 1322 485 1374 nostrast
508 1334 556 1373 rios
578 1317 632 1389 ipsi
647 1318 677 1372 iu
692 1321 740 1371 tua
759 1331 847 1371 mauu
870 1330 914 1369 su·
971 1312 1040 1366 rari.
1053 1310 1165 1375 Quibus
1176 1309 1244 1368 illc:
1261 1314 1301 1367 Act
1316 1311 1407 1368 ltoc²’¹
1425 1313 1524 1385 inquit
1538 1331 1584 1370 eos
1597 1316 1652 1388 [eci
1664 1319 1801 1387 attactum

89 1424 161 1477 mus,
177 1417 205 1464 te
227 1408 333 1476 elucens,
352 1415 378 1463 te
386 1407 520 1478 judicem,
544 1415 569 1462 te
587 1412 732 1470 rectorem,
744 1408 769 1461 te
781 1407 913 1475 protecto·
971 1401 999 1456 iu
1010 1415 1102 1457 aeoum
1115 1402 1232 1468 seruari,
1253 1404 1282 1457 ut
1297 1402 1386 1458 nostri
1399 1403 1503 1475 posteri
1513 1405 1688 1472 carantanae
1701 1407 1756 1462 sint
1764 1405 1801 1442 ”’

86 1513 158 1565 rem,
175 1496 382 1553 tcsolumnobis
399 1497 428 1550 in
443 1495 585 1551 dominam
601 1495 741 1566 ctipiraus.
757 1494 799 1548 Ad
825 1508 914 1564 quam
972 1493 1038 1554 ortt,
1057 1494 1083 1545 et
1093 1499 1123 1545 ut
1138 1505 1243 1561 semper
1258 1493 1352 1547 cicant
1363 1492 1460 1563 pauidi
1473 1502 1498 1549 et
1513 1494 1639 1566 suspecti,
1651 1494 1800 1552 seembs

88 1604 188 1644 vocem
205 1589 248 1643 vir
258 1587 386 1659 prudens
397 1585 444 1652 ²⁶³,
463 1584 546 1658 quasi
560 1587 723 1641 latinorum
740 1584 851 1640 inscius
866 1581 913 1649 ²⁶³,
970 1581 1058 1634 miuus
1069 1596 1088 1634 o
1104 1580 1156 1636 Deo
1171 1579 1225 1636 sibi
1238 1583 1393 1637 commissos
1404 1580 1439 1616 ²⁹⁸
1454 1583 1559 1653 injuste
1573 1587 1734 1655 opprimant
1751 1602 1802 1658 per·

89 1677 234 1743 substitit,
249 1684 278 1732 et
293 1675 446 1732 stimulum
462 1692 549 1746 quem
567 1691 655 1731 manu
668 1673 802 1746 gestabat
816 1671 845 1726 in
859 1677 913 1726 tar·
969 1669 1142 1738 superbiam,
1155 1672 1220 1740 quia
1234 1671 1302 1739 tacti
1324 1688 1417 1726 siamus
1436 1689 1529 1727 omnes
1543 1675 1664 1745 aquales
1681 1693 1731 1746 per
1745 1693 1800 1731 na-

46 1766 49 1773 '
90 1783 153 1821 ram
174 1764 246 1833 lixit,
263 1770 291 1820 et
305 1764 418 1820 solvens
435 1765 538 1820 boves:
561 1767 602 1820 lte
617 1763 687 1818 illuc
701 1762 764 1816 iude
775 1759 888 1816 venistis
906 1758 912 1813 l
968 1758 1153 1814 turamllunc
1164 1764 1254 1813 autem
1268 1761 1293 1814 et
1309 1759 1381 1814 mibi
1397 1760 1478 1817 liceat
1495 1778 1541 1818 uos
1560 1764 1682 1818 uicissim
1695 1765 1729 1800 ¹⁰⁵
1740 1781 1802 1836 per-

92 1855 178 1921 dixit;
195 1853 354 1926 quistatim
370 1853 459 1908 citius
475 1853 552 1908 dicto
568 1852 603 1906 ab
615 1849 709 1907 oculis
724 1851 915 1912 evanuerunt,
968 1846 1076 1902 contari
1090 1856 1182 1902 utrum
1198 1851 1287 1918 magis
1315 1849 1458 1906 laudabile
1472 1854 1524 1917 est,
1542 1852 1576 1907 de
1585 1856 1750 1922 paupertate
1763 1853 1800 1910 ad

92 1949 121 1999 et
137 1959 283 2014 nusquam
314 1939 441 2013 amplius
462 1945 699 2012 comparuerunt.
725 1938 837 1995 Corilus
859 1955 913 1994 aa·
968 1935 1132 2006 diprtitutem
1147 1940 1271 2008 prareti,
1293 1955 1329 1993 aa
1344 1939 1378 1994 de
1392 1940 1529 2008 dipsitate
1554 1943 1582 1997 iu
1599 1952 1797 2014 paupertatem

90 2037 147 2088 tem
163 2032 208 2096 ¹²⁰⁸,
224 2048 313 2104 quant
330 2030 410 2085 isarni
432 2029 504 2096 lixit,
521 2037 579 2085 tres
603 2029 678 2086 altas
690 2026 874 2099 propagines,
890 2033 917 2082 et
969 2027 1060 2094 redipi
1074 2028 1086 2079 ‚⁹
1101 2025 1245 2082 Nimirum
1259 2029 1461 2100 respondeatis
1474 2028 1510 2064 ²⁹⁶
1526 2030 1607 2099 mibi,
1623 2032 1725 2086 matius
1742 2048 1800 2088 csse

90 2120 166 2191 qnod
174 2126 219 2175 est
230 2117 473 2181 ruirabilius,cum
489 2117 566 2174 toliis
577 2123 606 2174 ct
621 2117 745 2172 nucibus
769 2114 915 2187 produxit.
948 2114 1080 2186 ¹provebi
1094 2115 1128 2170 ad
1150 2117 1281 2187 plurium,
1298 2134 1381 2189 quam
1395 2117 1486 2187 redipi
1509 2120 1544 2174 art
1560 2119 1697 2191 inopiam.
1715 2122 1803 2193 Atqui

91 2206 150 2262 Viri
168 2213 265 2262 autern
283 2207 327 2261 illi
344 2205 377 2241 ’θ’
405 2206 537 2262 videntes
564 2204 765 2261 baectaliaita
792 2202 914 2270 ’⁸⁶tieri,
967 2204 1179 2259 sraataonuutti
1193 2204 1492 2279 parentelapsuittca
1515 2207 1614 2264 arabili.
1632 2210 1801 2281 setpostad

87 2297 206 2353 stabant
217 2295 428 2366 obstupefacti.
441 2297 518 2358 Quos
531 2293 578 2350 ille
593 2299 676 2366 grata
689 2295 751 2349 vlca
763 2291 913 2364 hospitum
968 2302 1077 2365 turpem
1091 2295 1214 2365 inopiam
1225 2294 1330 2350 redacti
1345 2300 1371 2351 et
1383 2295 1481 2352 miseri
1495 2301 1563 2368 tacti
1570 2315 1581 2360 ,·
1591 2314 1654 2354 cum
1672 2315 1739 2355 suos
1746 2316 1800 2371 pa-

87 2383 190 2440 iucitat
206 2384 241 2439 ad
258 2385 424 2456 prandium,
442 2386 471 2438 st
486 2383 521 2439 ds
535 2398 605 2455 pera
619 2382 723 2438 subere
737 2380 917 2436 ²⁸⁷contexta
968 2388 1060 2438 rentes
1081 2384 1211 2455 ptoriosos
1222 2385 1311 2452 tuisse
1334 2391 1362 2440 et
1389 2389 1509 2457 potentes
1539 2388 1604 2443 atris
1631 2389 1800 2460 praedicarit,

87 2473 196 2529 excutit
206 2472 240 2508 ¹⁶¹
253 2473 403 2528 mucidum
415 2471 451 2507 ²⁶⁹
467 2488 571 2543 panem
587 2476 615 2528 et
630 2469 774 2527 formatici
792 2474 915 2542 partem,
968 2472 1044 2527 baud
1059 2474 1197 2544 ignorant,
1215 2473 1287 2545 quod
1301 2475 1455 2546 semetipsos
1470 2475 1534 2531 inde
1547 2476 1612 2548 ptus
1624 2477 1804 2548 contundunt

88 2567 117 2618 et
129 2564 223 2633 ipsam
240 2578 337 2634 parem
355 2562 384 2615 in
401 2560 508 2632 cespite
519 2577 568 2630 pro
587 2575 688 2615 meuse
699 2564 727 2614 et
743 2574 831 2628 super
841 2557 914 2613 rudo
967 2565 994 2615 et
1009 2561 1167 2632 deturpant,
1182 2578 1243 2617 cum
1259 2564 1315 2632 ipsi
1327 2580 1468 2635 persuum
1483 2564 1532 2621 boc
1546 2570 1699 2623 amiserunt
1714 2564 1803 2637 ipao-

88 2655 197 2706 tcxtum
214 2650 339 2722 penitet
363 2656 465 2705 caetera
478 2649 521 2702 ²³⁰.
542 2651 653 2704 Interea
669 2649 739 2704 dum
757 2646 914 2717 prandium
967 2650 1053 2719 uiara,
1069 2651 1139 2722 quod
1158 2651 1205 2706 itti
1218 2650 1378 2708 babitarent
1391 2669 1441 2724 per
1455 2654 1635 2711 industriam.
1652 2657 1722 2712 Num
1737 2658 1798 2727 sur·

89 2747 211 2796 sumrint
224 2739 269 2808 ²⁷¹,
294 2739 363 2792 dum
379 2754 488 2809 aquam
507 2739 542 2793 de
558 2737 701 2808 amphora
719 2736 834 2803 bibunt,
852 2736 915 2791 dua
968 2743 1035 2795 tuna
1049 2755 1156 2811 semper
1170 2739 1240 2796 bunc
1256 2740 1325 2796 tutu
1350 2743 1440 2797 aleam
1456 2759 1507 2799 suo
1523 2748 1593 2813 rata,
1609 2748 1640 2799 ut
1658 2761 1734 2800 nunc
1749 2745 1798 2802 lem

88 2828 264 2900 propagines
279 2827 338 2883 sive
353 2824 390 2860 ²⁷²
401 2827 527 2898 virgulta
547 2828 604 2881 duo
620 2825 913 2881 arueruntetcecida·
967 2832 1055 2901 eripat
1071 2829 1107 2884 od
1120 2845 1240 2897 summa,
1255 2846 1330 2886 auno
1344 2831 1408 2886 ittos
1431 2842 1537 2902 msrpot
1557 2833 1586 2888 ia
1612 2831 1646 2869 ³⁹¹
1670 2833 1794 2904 infirma.

87 2923 166 2981 rant,
183 2924 225 2971 sut
248 2917 329 2973 tertia
352 2916 444 2971 multo
461 2915 548 2970 altius
563 2919 591 2970 et
606 2914 694 2970 latius
710 2913 744 2950 ¹¹³
766 2930 913 2970 accresce·
969 2919 1096 2986 lindebi,
1113 2925 1142 2974 ut
1157 2919 1278 2988 dipuitas
1293 2928 1414 2989 terrena,
1429 2936 1493 2992 qua
1507 2933 1568 2977 erat
1583 2924 1734 2996 otipviuudc
1750 2922 1792 2979 ud

88 3008 231 3065 bat.Unde
256 3007 423 3079 hospitibus
447 3006 541 3077 major
554 3005 681 3062 excrevit
701 3005 859 3061 admiratio
879 3002 915 3039 Ἠ
966 3009 1094 3079 pluriam,
1111 3009 1260 3063 amissusit
1283 3012 1320 3063 art
1331 3013 1555 3081 ipnomtmaum
1572 3028 1632 3068 caru
1647 3018 1798 3082 paupertas

96 3114 163 3154 cum
190 3098 304 3152 timore.
334 3095 368 3150 Et
381 3095 449 3150 ille:
481 3095 552 3163 Quid
579 3092 789 3150 admiramini?
809 3093 915 3165 inquit.
932 3095 954 3161 C
970 3112 1021 3170 per
1036 3100 1164 3152 uirtutem
1181 3097 1265 3162 uicta,
1280 3114 1333 3155 noa
1349 3115 1379 3154 se
1394 3101 1462 3155 celat
1481 3100 1532 3155 sub
1546 3101 1617 3172 pelte
1632 3103 1739 3172 lupina,
1755 3107 1798 3156 set

15 3203 19 3215 ·
92 3186 196 3242 Sciatis
210 3200 245 3241 ea
255 3190 351 3240 nostro
365 3182 535 3252 crepantem
545 3184 644 3238 mattos
659 3181 919 3250 dominosaasci,sct
973 3188 1101 3242 victorem
1116 3203 1197 3241 suum
1212 3187 1284 3242 tollit
1297 3187 1332 3242 ad
1348 3188 1541 3261 sydera,quem
1556 3188 1623 3245 otim
1636 3205 1727 3245 secum
1743 3197 1798 3247 tra·

23 3309 25 3312 -
93 3292 181 3332 ursum
203 3290 311 3346 seraper
336 3272 485 3328 dominari.
499 3273 582 3343 Atqui
597 3270 633 3306 ¹⁷⁸
647 3271 673 3328 si
696 3271 807 3327 domina
829 3279 919 3326 uestro
972 3287 1055 3331 aeret
1069 3275 1209 3346 adiutura
1224 3274 1269 3331 ²⁹⁸.

96 3381 152 3420 noa
166 3365 231 3419 adeo
245 3363 277 3419 de
298 3363 350 3417 bac
365 3378 396 3417 re
416 3360 452 3395 ’Π
465 3364 624 3433 festinaret,
639 3369 677 3415 set
692 3360 727 3395 ¹⁷⁸
741 3376 790 3432 per
810 3359 845 3394 ²⁷⁹
861 3375 916 3415 mo·
1006 3363 1032 3419 8.
1065 3364 1168 3419 Postea
1184 3380 1354 3437 veroquam
1370 3366 1405 3402 ²⁹⁹
1420 3367 1472 3422 iter
1497 3366 1607 3424 emensi
1626 3367 1750 3437 tuerent,
1768 3372 1799 3424 et

96 3452 188 3507 dicum
208 3462 314 3521 tempus
328 3450 364 3484 ²⁸⁰
378 3451 517 3505 currentia
531 3455 591 3520 toto
616 3452 782 3518 expectaret,
811 3452 842 3502 ut
866 3464 916 3520 pro
967 3455 1029 3524 jam
1041 3452 1164 3524 jamque
1180 3470 1269 3525 prope
1284 3455 1318 3510 ad
1336 3456 1438 3510 urbam
1453 3460 1602 3524 venerant,
1621 3456 1735 3513 obviarn
1752 3459 1797 3514 sis

95 3558 139 3599 mc
149 3541 308 3598 tarucitc’⁰¹
323 3557 381 3594 raon
395 3542 525 3595 mitteret:
537 3543 686 3610 quotuotos
701 3538 801 3593 beriles
811 3547 916 3594 natura
970 3543 1089 3599 domina
1113 3544 1221 3612 stipata
1237 3542 1299 3600 suis
1314 3544 1493 3601 satellitibus
1509 3545 1662 3612 accelerat,
1678 3551 1707 3601 et
1722 3547 1798 3602 iuter

93 3636 238 3705 proterret,
255 3638 293 3687 tot
307 3629 433 3687 dominos
448 3633 617 3685 terrorestru
627 3627 747 3684 baberet.
969 3646 1000 3686 se
1016 3631 1157 3685 consertis
1174 3631 1283 3687 dextris
1298 3648 1366 3687 cum
1395 3649 1499 3705 magna
1514 3632 1614 3689 latitia
1629 3639 1706 3691 tecte
1723 3636 1793 3691 sub·

128 3722 155 3777 7.
173 3721 241 3776 Post
259 3721 320 3776 haec
334 3720 546 3775 indutusveste
562 3717 716 3791 principati
732 3722 761 3773 et
775 3716 915 3774 calciatus
969 3725 1049 3789 eunt,
1066 3719 1159 3775 thoris
1175 3717 1377 3789 discumbunt,
1392 3726 1496 3779 Cerere
1520 3728 1548 3779 et
1562 3723 1657 3779 Bscbo
1673 3741 1798 3796 corpora

94 3812 285 3870 calciamento
300 3810 400 3883 regali,
421 3826 516 3865 acrem
532 3809 664 3865 ascendit
682 3825 789 3880 equum
803 3814 913 3877 arator;

94 3907 193 3959 tamen
213 3919 272 3958 suae
297 3900 382 3956 sortis
399 3917 455 3954 uon
472 3897 710 3968 inmemor,tollit
725 3914 823 3954 secum
846 3914 915 3954 suos

94 3999 231 4049 coturnus
243 4009 277 4047 ex
293 3990 370 4047 orani
387 3996 467 4061 parts
483 3990 587 4044 subere
602 3993 752 4054 consutos,
770 3987 916 4058 quoslecit

94 4082 202 4139 servari
214 4080 243 4134 in
259 4083 455 4151 postorum,et
470 4081 623 4133 servantur
639 4076 806 4148 Wissegrad
823 4074 859 4110 ¹⁸⁵
884 4075 913 4132 iu

94 4187 210 4228 camera
223 4168 305 4225 ducis
320 4184 414 4239 usque
430 4167 515 4222 hodie
530 4172 559 4222 et
572 4165 601 4221 in
617 4165 842 4237 sempiternum.
860 4165 913 4220 Fa-

94 4270 172 4317 ctum
200 4264 364 4326 astantem,
395 4258 465 4312 dum
482 4272 531 4329 per
561 4255 734 4328 compendia
754 4253 790 4290 ²⁸³
803 4256 913 4311 viarum

16 4358 20 4371 '
94 4347 180 4415 irent,
197 4350 360 4403 nontamen
375 4344 411 4380 ²⁸⁴
430 4345 527 4401 adhuc
540 4342 581 4399 ilti
598 4343 696 4399 nuncii
712 4359 763 4399 cen
781 4345 817 4400 ad
834 4343 912 4399 novi·

970 3809 1115 3877 reficiunt,
1132 3813 1228 3865 cetera
1245 3811 1338 3866 noctis
1354 3812 1450 3884 spatia
1469 3812 1572 3869 Veneri
1587 3811 1624 3848 ³⁰⁰
1638 3818 1667 3869 et
1690 3814 1794 3870 Hime-

970 3914 1031 3953 neo
1045 3896 1079 3932 ⁸⁰¹
1097 3897 1262 3970 indulgent.
1282 3899 1331 3955 llic
1346 3901 1398 3968 vir,
1415 3901 1542 3972 quivere
1557 3919 1591 3957 ex
1606 3903 1722 3958 virtutis
1738 3919 1796 3958 me-

969 3987 1022 4043 rito
1038 3987 1180 4042 dicendus
1192 3992 1236 4042 est
1252 3988 1306 4054 vir,
1323 3987 1398 4043 hanc
1413 3989 1529 4046 stlocum
1546 3996 1662 4061 gentem
1680 3992 1797 4063 tegibus

969 4075 1102 4143 tranavit,
1123 4080 1151 4130 ct
1163 4075 1338 4132 indomitum
1354 4077 1796 4150 populamimperiodomuit,at

969 4163 1103 4221 servituti
1119 4180 1178 4236 qua
1194 4181 1271 4220 nuno
1287 4168 1431 4236 pra-mitur
1446 4168 1716 4240 subjugavit,atquo
1731 4185 1798 4224 om·

969 4256 1017 4312 uia
1028 4257 1098 4325 jura
1123 4256 1230 4325 quibus
1245 4255 1305 4311 bec
1322 4263 1397 4311 terra
1426 4258 1519 4312 utitur
1533 4263 1561 4314 st
1576 4259 1699 4331 regitur,
1715 4258 1799 4316 solus

971 4359 1034 4398 cum
1052 4342 1115 4398 sols
1130 4343 1260 4400 bubossa
1275 4344 1397 4402 dictavit
1411 4345 1496 4417 (268).

772 4440 892 4497 VARlAE
909 4439 1119 4497 LEGTIONES.

131 4544 389 4615 mopusomittit‘l.
427 4541 746 4669 ²¹⁷nnbisdeesttlpa).
784 4540 1014 4596 ”lsulssciuntt
1052 4537 1156 4594 ²³⁹dux
1179 4541 1357 4608 repeiuurlt
1380 4543 1426 4612 tn).
1465 4541 1500 4579 ²⁶⁰
1523 4542 1742 4599 lit-caballum
1767 4545 1801 4601 iu

95 4618 333 4686 marptnerodicis
349 4613 596 4683 A.scriptu,desunt
611 4615 640 4669 in
652 4615 678 4670 l.

719 4614 767 4687 (a).
785 4618 1040 4682 stenutantsmque
1055 4626 1150 4665 omues
1164 4616 1269 4683 except,
1283 4616 1315 4666 Α.
1355 4611 1389 4649 ”’
1408 4615 1553 4670 immensa
1565 4615 1593 4669 2.
1632 4615 1667 4650 ²⁶⁹
1681 4616 1801 4673 Primizl

95 4688 298 4758 admitto).
338 4686 372 4721 ¹⁶⁸
387 4686 526 4756 prescius
542 4685 671 4741 subducto
691 4682 895 4755 insciua2(bl.
935 4681 971 4724 θ’*
986 4691 1082 4738 autom
1101 4686 1176 4737 deest
1189 4685 1223 4736 Α.
1262 4682 1426 4740 ²⁶⁵deesttt.
1467 4685 1599 4742 ²⁶⁶tbis.
1638 4685 1801 4743 ²⁸⁷subure

95 4762 122 4816 t.
162 4758 300 4814 ¹⁸⁸coutit
318 4760 351 4813 A.
390 4753 1799 4830 ntitas.tato).a.nucinuminmarpinemuscidummanuariiqmamuseidumt.ltu),

28 4832 31 4836 ’
96 4828 534 4888 mucidumvelmusoidum't.
574 4828 755 4900 ¹³⁰7'(c)·rt.
794 4825 1486 4901 ²⁷¹dumprandiumsumnntomissol,t(u).
1527 4828 1800 4901 ¹⁷²sen2(b).sive

96 4902 208 4973 virgula
223 4902 281 4955 diro
297 4901 395 4956 ‹tesunt
409 4900 437 4954 5.
477 4898 666 4956 ²⁷³altiustt.
704 4895 1125 4954 memma-renuentium.
1165 4895 1199 4930 '²⁸
1245 4897 1430 4969 ropaginert.
1469 4901 1504 4936 ²³⁸
1519 4905 1549 4957 st
1562 4900 1590 4954 2.
1628 4899 1664 4935 ’Π
1681 4918 1710 4955 re
1726 4900 1802 4958 deest

96 4973 176 5042 lta).
215 4971 284 5026 ars„
300 4971 328 5026 7.
351 4989 379 5044 p.
396 4987 435 5027 m.
453 4975 473 5027 t.
497 4970 594 5027 destitit
610 4974 635 5025 7.
674 4967 709 5004 ¹⁷⁹
726 4986 776 5039 per
794 4970 864 5024 deest
882 4969 909 5036 t,
934 4968 1015 5039 tta).
1055 4965 1174 5021 ²⁸⁰dum
1229 4967 1309 5023 diti.
1349 4969 1576 5028 ¹⁸¹numeretl.
1614 4970 1799 5028 ²⁸²Wtb'SE·

97 5045 203 5100 GRAR.
221 5045 254 5099 Α.
269 5042 505 5112 Wisegredt,l,
520 5044 546 5095 7.
588 5040 994 5111 ¹⁸⁸compitaiamarpiae2.
1034 5036 1556 5114 ’sstemendeesttneenontin).
1596 5042 1803 5099 ²⁸⁵tamilisris

97 5124 125 5171 t.
165 5114 437 5170 ²⁸⁶asustaciunt2.
476 5111 586 5168 ²⁸¹ote.
610 5116 761 5181 tamquam
778 5108 1273 5183 A.t.p.l.iamarpincadditue.
1314 5108 1492 5182 ²⁸⁸j0cuud0
1517 5127 1549 5171 Α.
1590 5114 1802 5171 ’bautoniu-

99 5204 162 5243 sum
185 5187 212 5241 2.
252 5186 286 5221 ²⁰⁰
302 5185 503 5256 propiciantur
518 5185 543 5238 1.
582 5183 744 5237 ”¹huo.1.
783 5181 916 5239 ²⁹²st.tt.
956 5181 991 5216 ²⁹³
1006 5197 1077 5234 ritrr.
1098 5182 1176 5234 net.
1206 5181 1245 5235 ita
1269 5182 1296 5236 2.
1315 5182 1341 5249 l,
1368 5202 1423 5241 neu
1440 5189 1468 5242 7.
1507 5186 1726 5243 ¹⁹⁴deditostt.
1765 5185 1802 5222 ¹⁹⁸

99 5276 150 5315 vos
163 5258 290 5313 vicissim
306 5255 632 5313 desunt2vosinvicem
648 5254 832 5327 percunctari
847 5253 907 5321 at
935 5252 976 5324 (a)
1011 5251 1046 5287 ²⁰⁸
1062 5251 1246 5324 respondetis
1262 5253 1382 5326 l,l(a).
1421 5255 1589 5314 ‘banna
1614 5257 1661 5328 (b),
1701 5258 1801 5314 titia.

100 5329 382 5386 ssina2.inforna5.
421 5323 635 5396 ¹⁹⁹cum2tb).
674 5323 833 5380 ⁸⁰⁰vcritt.
872 5323 1070 5381 ³⁰¹iminaol.

888 5423 1005 5480 NOTAE.

131 5525 208 5599 (268)
228 5525 336 5584 lisdem
367 5520 473 5581 labella
487 5521 518 5580 in
532 5520 739 5581 vetustissimis
753 5520 842 5579 stiam
856 5519 954 5595 legum
967 5520 1190 5582 Bohemicsrum
1201 5521 1424 5583 collectionibus
1444 5526 1596 5601 reperitur.
