3788 6000
60 214 119 277 321
625 212 863 276 ὓΟΝΤΙΝὓΑΤ.
887 210 1075 277 canente.
1099 215 1217 278 Plano.
1712 221 1771 281 322

61 369 97 425 ad
111 368 272 425 anacastra
281 365 538 439 revertente,lilius
547 368 612 439 ejus
628 383 695 423 cum
707 366 787 423 omni
798 367 1224 436 exercituinlravitBavarlam,
1240 373 1268 425 et
1286 384 1421 441 magnam
1437 371 1547 442 partem
1560 370 1770 441 ejusnastavil,

61 459 194 516 incendit
208 462 236 513 51
251 457 377 513 dirersis
391 457 474 513 malis
489 457 602 513 ailliait.
618 458 746 513 Tandem
762 457 873 529 treugis
884 457 1065 529 interpositis
1078 473 1144 512 cum
1155 459 1228 515 duce
1241 457 1367 513 Bavaria
1379 457 1450 529 (218)
1466 458 1649 530 supplicante
1660 462 1695 516 ad
1707 461 1767 516 llal.

61 548 141 618 Maii,
156 562 292 603 reversus
310 550 355 602 eat
371 546 406 601 ad
416 547 548 618 propria;
565 545 683 602 Bohemi
700 561 767 602 vero
786 550 961 603 reverientes
981 545 1073 601 multa
1088 562 1193 617 pecora
1217 552 1370 603 traxerunt
1384 563 1480 604 secum
1501 549 1536 604 de
1552 549 1682 618 Bavaria,
1700 567 1769 622 prte-

62 638 149 709 eipus
163 637 339 692 pilznenses.
357 638 389 691 ln
402 635 605 707 purificatione
620 651 686 690 vero
697 641 803 690 sanein
819 634 914 691 illaria
929 635 1023 706 (Febr.
1043 635 1072 705 2)
1088 638 1223 708 episcopo
1240 632 1414 709 predicante
1436 653 1543 710 magna
1563 639 1766 695 visveolornm

62 731 164 784 exorta
178 729 235 792 est,
251 742 301 781 aar
316 727 491 781 obscuratus
505 729 559 791 est,
572 725 614 780 ita
629 729 661 780 ut
676 726 722 780 vix
739 729 872 796 poterant
886 724 1040 781 hominum
1061 726 1158 782 rullus
1169 726 1299 798 dignosci
1313 744 1319 794 ;
1333 727 1492 797 5551555155
1508 743 1613 799 magna
1626 726 1656 782 in
1670 727 1771 800 pleris-

62 833 119 890 que
128 817 262 888 partibus
280 815 421 872 Bohemiae
434 815 594 880 descendit,
612 814 730 885 qualem
741 830 798 870 nou
815 813 949 871 meminit
959 820 1029 871 atas
1039 817 1174 871 nostra.5
1190 816 1259 872 ldus
1272 816 1364 873 iiarlii
1377 816 1532 888 episcopus
1544 817 1680 874 Nicotaus
1693 816 1769 874 cels-

60 908 159 962 bravit
171 906 289 963 ordines
299 905 329 960 in
340 905 401 977 Tyn
412 904 498 976 (219),
513 903 543 959 15
555 903 679 960 ecclesia
689 903 782 959 sancti
793 902 1005 976 christophori,
1021 908 1050 960 et
1062 903 1170 961 ibidem
1182 904 1308 962 electum
1329 904 1529 962 Patavionaem
1539 906 1613 978 (250)
1625 906 1654 963 15
1670 908 1769 963 diaco·

60 1012 132 1051 num
159 995 313 1051 ordinarit.

99 1084 210 1140 Eodem
227 1099 304 1139 anno
319 1080 419 1139 Gallus
436 1082 530 1137 lactus
543 1080 859 1137 sstsaerista.Kalcnd.
874 1079 982 1151 Aprilis
993 1081 1148 1154 episcopus
1162 1081 1296 1139 Nicotaus
1307 1082 1463 1139 celebravit
1481 1085 1598 1140 ordines
1608 1084 1637 1140 iu
1647 1085 1771 1142 ecelesia

63 1173 160 1228 sancti
172 1170 328 1238 Francisci,
341 1169 389 1226 ahi
404 1169 642 1243 salzburgensem
659 1169 784 1226 electum
805 1169 880 1241 (251)
896 1169 1103 1240 indiacouum,
1122 1175 1152 1227 at
1166 1170 1365 1227 Patavieussm
1385 1169 1508 1228 electam
1522 1172 1551 1228 iu
1567 1175 1768 1246 presbyterum

57 1262 319 1318 ordinavit.5ldns
333 1258 441 1333 aprilis
457 1258 532 1332 (252)
543 1265 572 1317 51
582 1261 629 1317 die
644 1259 811 1332 palmarum
827 1258 939 1315 electus
960 1259 1140 1316 Patavicnsis
1151 1260 1325 1317 bertholdus
1339 1266 1491 1334 promotus
1502 1266 1545 1317 551
1560 1261 1588 1317 15
1601 1263 1771 1335 episcopum

59 1351 92 1406 in
108 1350 235 1406 ccclesia
249 1350 396 1420 pragensi,
413 1351 596 1422 presentibus
612 1351 741 1425 quinque
756 1348 901 1421 episcopis
915 1351 944 1403 st
959 1348 1199 1406 benedicentibus
1215 1366 1292 1416 eum,
1308 1355 1336 1406 et
1351 1356 1430 1408 serto
1446 1349 1650 1422 Salzburgensi
1661 1350 1771 1421 electo;

62 1440 183 1511 quodie
198 1441 318 1496 dalasst
329 1439 514 1512 indulgentia
525 1441 542 1493 7
554 1456 699 1497 annornm
716 1443 744 1494 et
757 1438 811 1494 280
826 1439 952 1509 dierum,
968 1439 1094 1512 singulis
1110 1440 1256 1512 episcopis
1272 1445 1300 1495 el-
1321 1439 1411 1497 515515
1422 1439 1645 1513 indulgentibus
1660 1453 1770 1495 annum

59 1546 154 1585 unum
172 1531 250 1585 5110
265 1530 366 1586 dicati
381 1531 450 1586 idus
464 1529 585 1601 Augusti
600 1530 693 1603 primo
704 1527 878 1600 crepusculo
895 1535 958 1584 orta
972 1532 1017 1583 est
1039 1545 1145 1601 magna
1160 1529 1204 1585 vis
1220 1533 1373 1586 ventorum
1388 1534 1416 1586 et
1428 1529 1683 1586 choruscationum
1697 1532 1774 1584 etto·

59 1620 209 1675 nitruum.
225 1618 296 1675 ltem
314 1619 346 1673 l9
358 1617 419 1674 llal.
436 1619 613 1690 Septembris
624 1618 733 1675 similia
743 1621 804 1674 urta
819 1617 1308 1675 1555551511555151115.55555515
1323 1618 1385 1675 Kal.
1404 1621 1534 1690 ejusdem
1548 1618 1656 1675 mensis
1675 1616 1772 1674 media

59 1713 147 1766 nocte
157 1708 267 1765 similia
281 1714 345 1764 orta
361 1709 488 1776 1555551,
500 1710 535 1765 de
551 1725 676 1780 quornm
691 1707 771 1780 gravi
786 1706 917 1779 impulsu
929 1706 1020 1763 555115
1035 1707 1157 1763 edificia
1177 1713 1310 1774 ruerunt,
1322 1707 1424 1764 horrea
1434 1709 1565 1764 funditus
1581 1723 1680 1763 eversa
1690 1708 1772 1774 snut,

57 1798 198 1855 homines
213 1797 626 1871 plerisquelutminrtinruges
639 1796 781 1869 grandine
792 1797 1061 1868 percussae,lructus
1076 1796 1189 1852 arborei
1201 1797 1419 1866 excusaturos
1432 1797 1505 1853 1555
1517 1813 1567 1868 per
1575 1800 1666 1852 totam
1678 1795 1773 1850 dioec·
1808 1784 1810 1789 ’

60 1887 117 1942 sim
141 1887 325 1959 Pragensem.
345 1893 466 1942 155555
491 1887 565 1943 male
580 1887 712 1958 provenit
726 1895 752 1941 ct
768 1886 911 1957 precipue
925 1884 1076 1959 hyemalis.
1090 1886 1165 1958 Papa
1180 1888 1273 1959 exegit
1289 1886 1368 1942 mille
1393 1903 1507 1943 marcas
1522 1886 1633 1959 argenti
1649 1902 1667 1942 a
1689 1885 1769 1941 clero

62 1977 211 2032 bohemici
223 1978 325 2035 eodem
337 1993 423 2032 auno.
441 1976 512 2032 Item
529 1975 631 2032 eodem
644 1991 817 2047 annoprope
828 1975 935 2030 isstum
947 1976 1041 2031 sancti
1053 1976 1214 2032 Wenceslai
1229 1977 1319 2048 (Sept.
1331 1975 1512 2048 29))1555515
1527 1976 1556 2031 in
1569 1992 1640 2031 auro
1651 1975 1771 2031 advalo·

61 2082 124 2122 rem
134 2064 216 2122 mille
227 2083 391 2124 marcarum
407 2067 519 2138 argenti
536 2066 564 2122 in
581 2064 708 2139 pondere
722 2064 857 2121 Polouico
865 2064 940 2136 (253)
951 2066 988 2121 ab
1003 2065 1139 2121 universo
1154 2065 1231 2122 clero
1248 2066 1328 2137 regni
1342 2065 1485 2123 Bohemiae
1500 2064 1631 2133 collecta,
1646 2063 1773 2120 iuPoio·
1847 2082 1849 2086 ·

63 2157 145 2214 niam
161 2162 206 2213 est
221 2155 317 2214 delata
330 2161 359 2212 et
373 2158 492 2213 domiuo
506 2158 622 2214 Thomas
635 2153 866 2212 Wratislavieusi
888 2154 1025 2226 episcopo
1040 2155 1199 2226 assignata.

101 2246 211 2303 Eodem
223 2247 397 2302 etiamnunc
408 2244 479 2317 pulli
496 2242 1379 2317 5555555555555553555185511555ρ55155ι155155,5551
1396 2244 1504 2300 luerint
1518 2243 1657 2300 triennes.
1674 2243 1771 2302 Nimia

62 2335 153 2391 etiam
169 2335 288 2391 siccitas
302 2334 368 2399 init,
380 2339 592 2406 propterquam
607 2334 742 2388 homines
754 2333 900 2388 seminare
918 2348 977 2388 nou
996 2332 1153 2389 valuernut
1164 2335 1193 2389 15
1214 2336 1358 2405 Augusto,
1374 2334 1403 2389 in
1419 2333 1581 2404 Septembri
1597 2339 1626 2388 51
1652 2333 1772 2390 Octobri

63 2425 173 2491 medio,
191 2426 248 2480 lloc
258 2425 346 2480 etiam
359 2440 436 2480 anno
449 2423 521 2480 male
535 2432 727 2494 provenerunt
743 2438 869 2491 annona,
880 2421 990 2490 viuum,
1005 2423 1117 2478 tructus
1131 2423 1256 2479 arborei.
1266 2424 1419 2496 Presbyter
1427 2423 1548 2495 quidam
1558 2424 1593 2478 do
1605 2423 1770 2479 Bernartiaz

61 2514 183 2570 nomine
200 2514 341 2570 ldarlinus
355 2514 480 2585 capitur,
497 2516 525 2568 et
539 2511 570 2567 in
585 2527 700 2568 carcere
712 2510 827 2582 publico
842 2512 877 2566 ad
894 2511 998 2583 pedem
1014 2513 1113 2583 pontis
1131 2512 1273 2583 spoliatus
1289 2512 1498 2568 miserabiliter
1510 2512 1681 2578 retruditur,
1700 2510 1772 2568 5113

10 2625 16 2633 ·
59 2601 122 2657 Kal.
135 2602 304 2659 Decembris
316 2604 352 2657 ds
368 2619 481 2659 carcere
489 2601 662 2658 absolvitur.
679 2600 775 2656 Pridie
792 2600 851 2656 llal.
865 2600 1289 2658 Decembrisexoommnnicatl
1301 2608 1329 2658 et
1344 2601 1509 2658 denuntiati
1522 2606 1592 2656 suut
1607 2601 1635 2656 iu
1647 2598 1771 2657 eeclesia

61 2689 578 2764 255355515555555Μ11555515(251),
591 2691 775 2764 prepositus,
788 2691 876 2762 prior,
888 2690 1035 2762 supprior,
1046 2689 1275 2758 ecclesiasticus,
1290 2689 1432 2761 plebanus
1443 2691 1624 2762 decreram,
1635 2688 1770 2761 magistri
1850 2674 1860 2685 ⁸

63 2792 352 2863 curiarumejusdem
364 2788 937 2861 monasterii,etomnesecclesiaeorum
947 2790 1047 2858 posita
1059 2790 1115 2845 suh
1127 2790 1280 2845 interdicto
1289 2794 1406 2861 propter
1416 2788 1630 2861 querimoniam
1642 2787 1769 2844 Martini.

100 2881 210 2937 Eodem
227 2883 341 2938 555511
360 2880 422 2936 1151.
439 2880 608 2937 Decembris
620 2880 740 2935 Austris
749 2878 921 2935 subdiditse
932 2878 992 2949 regi
1011 2878 1204 2934 Bohemornm
1219 2877 1402 2946 Wencaslao,
1414 2877 1544 2948 adcujus
1555 2879 1770 2950 possessiouem
1859 2920 1862 2924 ,

64 2970 231 3026 habendam
248 2970 358 3026 missus
378 2975 422 3026 est
434 2970 512 3026 lilius
528 2970 604 3041 regia
618 2967 788 3041 Prziemysi,
805 2967 856 3039 qui
866 2966 994 3041 intrarit
1008 2966 1151 3024 civitatem
1168 2966 1310 3023 Viennam
1325 2972 1354 3023 et
1366 2967 1439 3023 alias
1452 2967 1582 3023 civitates
1593 2972 1621 3021 51
1638 2968 1724 3023 urbes
1740 2968 1768 3022 et

67 3058 188 3114 castella
212 3059 296 3129 (255).

104 3148 214 3203 iiodem
229 3164 305 3202 anno
319 3146 712 3203 Bartholomnuscanonicns
725 3146 879 3217 Prsgcnsis
889 3143 1073 3218 privatusest
1086 3143 1240 3216 praehenda
1251 3161 1305 3200 sua
1316 3161 1366 3216 per
1374 3144 1535 3215 capitulum
1545 3146 1700 3216 Pragensa,
1710 3144 1772 3215 epi-

66 3252 156 3309 scopo
166 3235 284 3293 Nimiae
293 3237 491 3294 consentiente
501 3243 530 3293 et
538 3238 729 3293 confirmante
738 3235 912 3291 sententiam
924 3234 1056 3306 capituli,
1070 3233 1244 3306 quamidrm
1259 3233 1526 3290 Bnrtholomausin
1539 3234 1770 3305 anooprsterito

63 3332 213 3383 contrusa
229 3329 325 3397 ipsam
343 3327 447 3383 tulerat
461 3332 488 3383 51
502 3329 531 3382 15
547 3327 655 3397 scripto
671 3326 832 3396 redegerat,
849 3328 967 3397 propter
992 3323 1089 3378 varios
1105 3338 1241 3379 excessus
1257 3330 1283 3377 el
1302 3323 1469 3379 continuam
1490 3323 1651 3378 absentiam
1676 3322 1768 3378 chori.

64 3420 176 3490 Hyems
189 3422 351 3487 temperata
364 3417 427 3484 luit,
445 3433 496 3472 neo
512 3417 602 3472 nimis
618 3432 721 3487 aspera
737 3429 831 3487 nequo
845 3413 930 3470 lenis.

98 3507 182 3560 1252.
201 3503 367 3576 Pmiemysl,
394 3504 473 3561 lilius
488 3504 564 3575 regis
587 3502 764 3570 Wenceslai,
789 3502 943 3558 celebravit
959 3501 1077 3573 nuptias
1091 3501 1121 3555 in
1145 3501 1283 3557 Henburk
1303 3502 1377 3575 (258)
1399 3503 1500 3559 Sidus
1519 3502 1666 3559 Februarii
1681 3502 1768 3576 (257),

64 3596 175 3651 ducens
192 3592 222 3649 in
238 3594 455 3649 matrimonium
468 3594 613 3650 dominam
628 3592 838 3666 Margarelhanr
854 3590 968 3647 viduam
985 3589 1070 3663 (258),
1087 3589 1177 3646 tiliam
1203 3590 1340 3662 leupoldi
1356 3591 1439 3647 donis
1456 3591 1579 3648 Austris
1591 3592 1769 3664 jamdudum

65 3692 209 3748 defuncti.

104 3782 214 3838 iisdem
229 3797 305 3837 anno
317 3780 346 3837 in
358 3781 594 3853 quadragesima,
609 3798 674 3854 quas
688 3781 858 3837 occurrebat
873 3779 908 3835 13
922 3776 985 3836 Κ51.
1002 3777 1107 3844 Μ55111,
1129 3776 1220 3832 155155
1235 3781 1329 3848 lingo,
1349 3777 1498 3850 presbyter
1513 3776 1671 3833 cardinalis
1690 3776 1772 3834 tituli

65 3876 174 3927 sanctae
189 3870 312 3937 Sabinae,
322 3869 485 3943 apostolicae
500 3872 578 3928 sedis
594 3872 707 3944 legatas
722 3871 807 3943 (259),
822 3870 933 3941 accepit
943 3866 1163 3940 procurationes
1180 3865 1294 3921 nornine
1310 3864 1462 3938 legationis
1478 3881 1536 3920 sua
1553 3881 1569 3920 a
1594 3864 1773 3922 5155511555-

65 3961 213 4029 55555
229 3960 459 4032 religiosoquam
475 3960 689 4029 seculari,licct
709 3961 738 4015 in
754 3959 890 4014 11555515
904 3955 1093 4014 constitutus.

101 4050 210 4106 Eodem
229 4067 305 4106 anno
322 4060 451 4122 tempora
465 4050 540 4106 veris
564 4055 672 4106 stante
691 4049 808 4104 initium
822 4047 932 4104 astatis
944 4049 1059 4102 erectas
1079 4047 1123 4098 est
1138 4043 1243 4098 chorus
1262 4044 1291 4098 15
1313 4041 1434 4098 ecclesia
1450 4042 1595 4113 Propensi,
1613 4049 1641 4099 et
1659 4042 1772 4115 capella

65 4142 160 4198 sancti
172 4141 323 4198 Michaelis
334 4141 465 4209 dilatata,
475 4146 503 4197 51
514 4140 602 4197 etiam
617 4139 757 4213 palatium
774 4135 1067 4212 aparteoccidcntali
1082 4140 1127 4190 ast
1143 4138 1350 4190 constructum.
1367 4132 1474 4190 lindam
1491 4134 1771 4193 555511115115511

851 4310 981 4373 NOTAE.

95 4443 173 4514 (218)
207 4445 320 4499 ottone.
945 4434 1102 4496 enatarent,
1118 4445 1221 4502 nosque
1233 4430 1262 4484 in
1278 4445 1419 4485 oronnam
1430 4431 1505 4487 15511
1528 4430 1698 4487 discriminis
1710 4432 1770 4502 pis·

944 4505 1010 4561 tatia
1025 4506 1129 4558 innotcs
1143 4503 1210 4556 moti
1237 4501 1392 4566 clementia,
1425 4510 1451 4558 et
1474 4504 1641 4573 pernubilet
1660 4502 1774 4557 ducatus

98 4586 175 4656 (250)
197 4585 393 4641 bertholdum.
945 4576 1112 4637 eorumdem,
1128 4572 1241 4628 comiter
1254 4577 1281 4627 et
1306 4573 1420 4628 barones
1435 4573 1550 4642 procide
1565 4573 1687 4631 invitati.
1713 4578 1770 4628 etc.

98 4652 890 4729 (251)Ρ511155551,5115511155555551555151155151515,
945 4649 1002 4703 (115.
1020 4643 1769 4726 115551555555515.11828551,51155515161155

69 4736 207 4799 nepotem
224 4728 388 4785 Wencsslsi
413 4729 501 4800 ragis.
945 4720 1089 4776 otakarus
1100 4719 1205 4772 ducem
1219 4721 1344 4771 austria
1356 4731 1386 4770 se
1397 4716 1526 4787 appellat
1537 4732 1582 4786 ap.
1599 4715 1709 4771 Boczek
1719 4715 1768 4784 111,

96 4800 172 4868 (252)
193 4800 233 4854 lta
257 4800 413 4871 legendum
443 4805 496 4866 est,
513 4815 569 4854 uon
591 4798 633 4855 ld.
649 4799 729 4868 Apr,
754 4802 785 4852 ut
804 4794 891 4851 habel
947 4792 1009 4848 111.
1121 4857 1127 4869 Ι

61 4872 166 4931 codex,
184 4887 251 4926 nam
268 4874 428 4940 palmarum
442 4871 503 4926 diss
519 4870 622 4925 incidit
637 4870 667 4924 iu
682 4869 700 4922 9
715 4869 781 4940 Apr.
980 4861 1054 4932 (250)
1075 4859 1248 4930 ilannhnrg.
1424 4929 1430 4941 ⁹
1747 4930 1752 4941 Ι

98 4943 176 5011 (253)
202 4942 241 4997 De
262 4944 391 5014 pondere
413 4941 559 5007 Paionion,
585 4942 662 5012 qnod
684 4939 806 4995 minoris
828 4941 891 4994 crat
982 4934 1055 5007 (251)
1079 4930 1221 5015 1255551115
1248 4934 1331 4999 15515,
1349 4932 1458 4999 nuptias
1475 4927 1625 4985 celebrata
1640 4934 1710 4986 suut
1725 4929 1772 4986 dre

63 5014 252 5085 pretiiquam
279 5009 890 5081 8555555555,51552551155515555111,2,
944 5002 1135 5086 8551155155
1156 5002 1236 5084 1252.
1318 5072 1323 5082 .
1404 5072 1420 5083 ..
1472 5070 1477 5081 ἢ
1533 5070 1568 5084 ..
1617 5070 1623 5084 ⁸

65 5103 94 5156 p.
116 5085 182 5139 217.
981 5075 1189 5150 (258)115555151
1202 5071 1251 5127 Vll
1264 5088 1352 5143 regis,
1371 5071 1421 5126 1115
1433 5071 1568 5127 Frrderrci
1581 5071 1770 5143 1155555515-

100 5155 182 5227 (251)
207 5157 393 5214 1551555355),
947 5151 997 5216 515,
1014 5165 1077 5220 quae
1095 5145 1241 5213 Friderici,
1258 5144 1687 5211 51115515551515(1551555555
1703 5150 1771 5201 nata

95 5228 171 5295 (255)
198 5230 260 5298 lpse
276 5229 463 5285 0155555515
490 5236 630 5298 precepto
645 5226 753 5295 scripto
773 5225 808 5278 29
822 5227 889 5295 Apr.
946 5215 1771 5282 5551555555105515015555555551555555101585

60 5298 134 5352 1253
157 5299 195 5352 115
209 5306 350 5357 15515155;
368 5302 435 5356 Cum
448 5305 507 5368 nost
520 5299 624 5354 obitum
636 5298 770 5352 nobilium
783 5295 892 5367 princi·
946 5287 1130 5362 Margarstha
1162 5287 1344 5371 5551555555
1371 5232 1651 5345 02515555155155555
1673 5287 1771 5344 luter·

55 5386 130 5440 pam
147 5371 268 5428 Austrioe
282 5380 308 5428 et
325 5373 426 5445 styriae
438 5378 550 5443 propter
564 5369 725 5425 insolentem
740 5367 892 5423 515115155-
946 5377 1081 5430 regnum.
1105 5372 1176 5441 P·.'’
1193 5356 1237 5412 4⁰·

63 5440 207 5499 1551155555
221 5445 303 5500 iidem
318 5449 497 5527 principatus
513 5440 651 5497 ciconnis
666 5445 892 5505 5555555155,-
981 5434 1055 5504 (251)
1067 5433 1121 5495 051
1136 5443 1198 5498 Jaln
1216 5429 1372 5483 55551251
1390 5434 1512 5487 exeunte
1529 5430 1625 5503 Prage
1641 5447 1771 5488 commo·

56 5517 90 5568 nt
104 5514 169 5586 jam
187 5517 460 5588 -1551111551555
487 5516 567 5571 extro
594 5513 701 5569 eosdem
734 5510 893 5580 prouincias
945 5506 1077 5570 rabatur,
1093 5506 1124 5557 nt
1139 5498 1689 5574 55555511111555515555.5555515111,
1705 5502 1769 5559 151.
1873 5572 1877 5583 .
