3788 6000
160 272 236 337 11111
712 260 901 325 aemulat
921 257 1117 323 obtunsae
1137 260 1323 324 seculae.
1788 258 1855 319 1111

161 403 329 479 planxisse:
348 423 362 453 a
377 400 514 456 omnium
531 400 656 464 creator,
672 396 741 469 quid
757 404 798 452 est
816 394 896 451 hoe‘l
911 392 980 467 qaid
998 397 1022 461 Α
1039 400 1182 451 venerunt
1195 395 1293 467 ipilur,
1308 398 1340 450 ut
1354 392 1478 450 breviter
1489 391 1773 466 dixerimqnidquid
1785 392 1859 447 bone

162 494 292 551 sarid-tt
310 492 387 564 quod
405 491 498 546 iatum
516 489 601 545 nobis
630 488 767 543 intestam
798 484 983 543 noouitillrt
1038 486 1231 554 supellectilis
1246 486 1402 557 ext-opilari
1420 489 1536 553 pntsst:
1562 494 1861 547 aran-utanaeurum,

162 576 682 654 mibtlquaruinetlabilededecusl
706 592 793 648 quiam
812 575 984 631 diuturnum
1039 579 1349 645 annonam,tarinam,
1380 584 1407 632 et
1434 578 1696 644 oleum3artuenta
1728 590 1862 645 pecorum

160 673 371 742 improperium
384 669 461 741 genti
479 672 585 724 nostrae
597 667 716 739 contigit
730 669 735 709 1
750 666 828 723 Gaas
840 665 984 732 mandros,
1039 664 1312 733 innumerabilium,
1328 683 1444 723 amnem
1463 682 1598 739 pompam
1611 669 1864 730 ornamentorum,

163 761 467 837 persensissemus
485 755 777 829 uostraepraevaluitl
809 752 986 811 undabant
1039 755 1401 824 oarrruiossrmorum;rt
1429 758 1454 812 si
1483 757 1553 829 qaid
1586 755 1665 811 aliud
1691 756 1864 827 ptitestosss

164 851 462 913 Consentioneiaota,
492 846 548 902 buo
578 846 684 903 adduxi
715 844 843 901 militum
862 844 986 899 ducenta
1039 844 1570 917 molius.Htsomnibusdtraptts,in
1602 846 1752 900 oiritatem
1785 859 1862 899 sanc·

165 943 269 1007 millia,
285 947 313 995 rt
329 939 459 1011 peditum
478 953 534 992 uon
552 939 615 992 erat
630 951 782 1001 numerus,
806 950 881 1006 quos
905 934 986 988 omni
1039 937 1098 988 tam
1114 933 1289 1006 Jerusalem,
1305 952 1370 992 auru
1396 935 1503 1008 gaudio
1530 935 1636 991 reversi
1669 939 1754 1003 sant,
1770 933 1863 989 conai-

163 1032 275 1087 mundo
289 1029 441 1085 credebam
458 1025 682 1099 praevalituros:
713 1040 791 1081 nunu
821 1028 929 1094 autem,
956 1026 987 1077 ut
1039 1024 1246 1096 gnosqustteo
1262 1031 1383 1099 gratias,
1398 1021 1595 1098 persingulas
1621 1022 1789 1079 retulerunt
1817 1021 1864 1077 Eo·

164 1115 657 1186 nonmenliar,amiuuaqunms
682 1113 762 1168 millo
791 1111 935 1168 militibus
958 1115 987 1166 et
1040 1110 1155 1170 clasiae.
1186 1120 1288 1170 comes
1318 1114 1589 1172 Nortbmannocum
1622 1113 1773 1169 itubertus
1801 1111 1865 1168 emit

160 1211 283 1281 triginta
299 1207 430 1263 millibus
448 1206 580 1277 peditam
596 1208 656 1261 tam
669 1203 838 1260 indecenter
856 1201 986 1274 superati
1039 1206 1205 1261 stantarum
1222 1204 1257 1261 nb
1274 1205 1321 1260 his
1335 1205 1384 1276 tpri
1400 1202 1472 1261 illud
1489 1204 1526 1260 ab
1535 1203 1722 1259 admiraviso
1739 1201 1865 1258 sauciato

164 1303 244 1356 sunt.
262 1304 319 1353 eut
336 1302 411 1352 Deire
427 1294 541 1350 illorum
558 1293 746 1366 omnipotens
760 1297 818 1358 est,
831 1296 860 1348 et
876 1307 928 1363 pro
943 1292 986 1344 oia
1040 1291 1231 1360 retinuerunt,
1247 1280 1350 1364 vipinti
1366 1309 1479 1349 marnas
1508 1293 1677 1365 argentini
1704 1288 1814 1346 intulit
1841 1290 1866 1345 in

161 1393 293 1463 paranni:
311 1384 793 1452 autoosternobisimtusest,et
822 1398 877 1438 nos
897 1379 986 1436 nimis
1040 1379 1214 1451 Sepulcrum
1231 1382 1411 1448 Domini,sd
1441 1382 1654 1439 monimentum
1681 1379 1866 1437 memorandi

165 1483 282 1533 ntrstero
299 1478 394 1531 lurore
407 1474 567 1548 redarguit,
583 1478 612 1530 et
628 1473 762 1544 castigat.
774 1470 920 1543 Quidquid
937 1469 986 1537 sit,
1039 1468 1183 1542 triumphi
1201 1471 1297 1528 :alter
1312 1472 1385 1527 omit
1399 1487 1498 1527 ensem
1514 1471 1646 1542 ejusdem
1677 1470 1867 1535 admiravisi,

163 1583 255 1623 unum
273 1566 458 1620 erit:ineos
488 1565 582 1619 denuo
611 1578 668 1619 non
694 1562 799 1633 erigor,
817 1560 868 1617 sed
886 1560 985 1631 potius
1040 1560 1375 1629 sexagintabpeanteos.
1406 1561 1525 1617 Faotrtm
1554 1564 1599 1617 est
1617 1559 1867 1633 igiturgaudium

164 1657 199 1712 ad
217 1655 341 1727 patriam
359 1669 466 1720 meam,
482 1652 696 1726 ignominiosus
710 1652 804 1708 donea
818 1649 925 1711 vixero,
942 1664 987 1702 rr·
1041 1647 1239 1705 inenarrabile
1255 1650 1285 1706 iu
1301 1650 1438 1707 universa
1452 1649 1681 1706 christianitate.

163 1749 269 1799 vertar.
288 1737 1028 1836 »llisdietialacrymabiliterconquerebatur3B
1077 1739 1125 1793 sio
1138 1738 1297 1794 Christiani
1312 1739 1510 1796 Jerusalema
1539 1738 1676 1794 menibus
1705 1737 1865 1794 Tureorum

162 1837 192 1889 et
207 1835 243 1890 ab
259 1835 371 1889 intimis
404 1831 631 1887 lamentabatur.
661 1851 675 1880 a
703 1829 784 1890 iuro.
814 1827 989 1899 inquit,per
1042 1827 1865 1899 impiorum,annoablnesrnationaliomini.millesimo

163 1921 360 1989 machometh,
374 1927 402 1977 et
418 1937 468 1989 per
493 1921 592 1976 omnia
620 1920 742 1974 deorum
759 1920 893 1976 numine.
909 1920 987 1989 quod
1043 1923 1344 1987 nonspastrnnootavo
1355 1919 1653 1992 (l)‚liberaverunt,et
1667 1917 1824 1974 multoties
1836 1933 1862 1971 rt

164 2012 290 2068 alterins
307 2028 363 2066 non
379 2010 509 2066 retinebo
525 2010 634 2065 milites
648 2007 838 2064 conventione
863 2007 986 2078 aliqua:
1042 2006 1604 2079 ipsis,Cbristnducatriumphntrerant.
1621 2009 1680 2063 Hoc
1691 2014 1793 2063 autem
1809 2005 1863 2060 bel·

163 2100 301 2167 qnoniam
318 2099 460 2166 expulsus
475 2111 541 2153 sam
553 2112 570 2151 a
584 2104 669 2165 gente
684 2095 779 2150 aliona
807 2101 837 2150 at
865 2096 986 2150 advena.
1044 2095 1105 2149 lum
1118 2096 1222 2168 ingens
1233 2097 1342 2152 lactum
1358 2100 1404 2153 est
1418 2095 1721 2168 pridieldasbugusti
1734 2115 1741 2162 ;
1754 2094 1859 2151 etcbri-

164 2189 296 2244 Conduxi
308 2186 406 2242 omnia
416 2201 566 2240 armorum
581 2200 688 2255 genere
700 2189 729 2240 et
738 2183 988 2247 machinamenta,
1044 2185 1178 2239 stianitas
1188 2185 1461 2257 abiqueterrnrum,
1473 2184 1657 2257 Doogrstias,
1673 2184 1856 2240 exsibilasti.

166 2274 474 2330 utoosobsideremin
486 2274 662 2340 ierusalem,
677 2277 706 2328 ot
720 2272 777 2343 ipsi
789 2278 988 2341 praevenerant
1078 2277 1246 2330 Nosautam
1265 2272 1373 2330 librum
1402 2283 1540 2347 quartum
1565 2273 1652 2331 istius
1682 2273 1854 2329 historicis

165 2376 212 2415 rus
227 2360 262 2415 ad
280 2360 388 2415 ballum
406 2360 508 2415 ttinere
523 2360 648 2415 duorum
664 2359 789 2415 dierum.
808 2359 866 2414 ileu
888 2359 959 2414 mibi
979 2357 987 2414 l
1043 2378 1185 2434 pugnam,
1200 2368 1266 2435 post
1280 2369 1395 2436 oaptam
1412 2365 1559 2420 civitatem
1575 2363 1652 2419 intra
1667 2378 1779 2435 paucos
1792 2363 1851 2427 dier,

163 2448 489 2520 quidampliuadioam
506 2446 728 2504 tlnhonoratas
749 2463 797 2504 ero
826 2449 987 2518 comperio
1043 2449 1219 2506 mirabiliter
1232 2451 1387 2518 devictam,
1404 2451 1567 2524 opitulante
1581 2451 1651 2519 Deo,
1677 2450 1850 2509 claudimus:

162 2544 241 2593 terra
256 2536 441 2608 Babylonica.
457 2555 471 2588 s
488 2536 659 2602 Christiani,
676 2538 756 2592 assde
784 2542 914 2607 peracta,
944 2553 988 2592 re·
1043 2544 1072 2594 ot
1086 2541 1130 2595 sic
1144 2538 1239 2595 soluto
1255 2543 1398 2607 promisso
1413 2541 1606 2612 quiesoimus.

162 2627 238 2681 versi
256 2626 377 2681 suntad
394 2623 610 2681 ismaelitarum
625 2624 989 2697 tentoriadiripieudaln·
1044 2666 1047 2671 -
1109 2628 1233 2692 Explicit
1246 2629 1362 2685 bistoria
1378 2629 1666 2700 Hierosolymitanaa
1682 2629 1805 2686 anterio

197 2757 234 2831 (1)
250 2758 417 2831 Legendum
432 2772 515 2815 mo·
1215 2701 1376 2758 Doleruium
1391 2701 1595 2772 nrcbiepiscopo
1609 2703 1696 2757 edita

854 3051 1169 3210 ACTA

286 3284 737 3402 tatastn'ltolts
770 3287 992 3404 trellis
1022 3290 1067 3404 S·
1101 3288 1412 3402 vitalina
1445 3283 1742 3401 alttlats

668 3466 1051 3561 GEMMETICUM
1077 3471 1134 3560 ΙΝ
1157 3468 1363 3560 aalma

586 3619 782 3678 eucrotia
809 3621 1013 3680 aeaunlco
1036 3619 1237 3678 RPlSCOPO
1264 3617 1459 3678 obtunsa

690 3747 858 3821 (Romen,
873 3748 940 3806 Actu
955 3747 1015 3818 88..
1031 3749 1113 3807 Febr.
1129 3754 1151 3806 t.
1164 3748 1200 3821 ll,
1215 3764 1245 3821 p.
1260 3747 1336 3820 758).

875 4016 1178 4114 MONITUM.

175 4283 181 4295 ι
205 4215 229 4270 l.
248 4213 441 4298 bemmaticam
455 4220 561 4277 ordinis
581 4222 753 4279 dermietini
764 4226 916 4295 antiquum
929 4227 1127 4282 monasterium
1141 4227 1171 4280 in
1185 4227 1323 4298 Sequanae
1335 4223 1465 4295 {luminis
1487 4224 1645 4294 peninsula,
1661 4240 1680 4278 a
1695 4225 1856 4291 ancarana

169 4290 1857 4440 111111111111111,1111111111111111111111111111·1111111111·

465 4409 473 4434 s
768 4408 774 4420 ·
1284 4410 1291 4437 r
1854 4407 1859 4429 ¹

168 4444 262 4514 annua
276 4432 345 4501 testo
359 4439 524 4492 bonoratur.
542 4437 740 4494 translationis
754 4384 835 4504 buius
849 4444 875 4495 el
893 4440 1095 4495 miraculorum
1110 4438 1256 4494 bistore'ant
1284 4440 1395 4509 scripsit
1424 4438 1568 4494 baldricus
1594 4437 1673 4493 urbis
1702 4439 1827 4495 autenm
1839 4437 1862 4489 is

164 4500 313 4559 antonna
329 4506 472 4562 Armorica
483 4510 640 4577 episcopus,
655 4514 721 4570 siae.
736 4516 767 4566 nt
782 4512 897 4581 ipsemet
910 4512 1015 4581 scribit,
1030 4512 1156 4580 pontifex
1170 4512 1410 4578 metropolitanas,
1424 4514 1474 4582 qui
1496 4510 1547 4565 sub
1584 4509 1700 4565 initiunt
1727 4509 1862 4568 oecattn

165 4572 262 4643 paruit
280 4590 287 4630 :
306 4593 324 4631 a
339 4578 418 4661 cujas
433 4580 542 4635 calamo
556 4579 692 4661 babemus
706 4583 867 4638 Historiam
887 4582 1164 4653 Hierosolymitanam
1179 4581 1260 4636 libris
1274 4587 1394 4652 quotuor
1420 4581 1586 4645 aurianam,
1600 4587 1626 4636 et
1640 4582 1716 4637 inter
1730 4579 1863 4661 Gestabat

167 4659 217 4714 per
231 4646 349 4704 l'rancos
364 4649 476 4706 edttam.
491 4649 610 4711 orditur
623 4667 686 4708 eam
703 4651 737 4706 ab
751 4668 824 4708 anno
837 4652 905 4708 1095
928 4670 946 4709 u
973 4668 1026 4725 quo
1054 4654 1168 4708 initium
1196 4652 1279 4708 babet
1315 4652 1446 4709 militaris
1460 4651 1513 4707 itta
1537 4653 1569 4707 in
1593 4650 1704 4708 Oriente
1720 4653 1864 4724 expeditae,

166 4714 345 4799 desenitacro
360 4737 423 4776 cum
437 4724 523 4806 captis
538 4723 744 4794 Hierosolymis,
776 4722 830 4778 uod
844 4726 1034 4796 quinquennia
1060 4734 1120 4791 post
1148 4725 1271 4794 cnutipit.
1303 4728 1369 4779 Eram
1396 4722 1524 4779 describit
1553 4722 1697 4780 ordericus
1722 4723 1821 4782 l'italt's
1840 4725 1864 4778 in

169 4784 297 4845 Historia
312 4791 520 4853 ecclesiastiea.
532 4794 552 4849 l.
567 4809 608 4857 tx,
623 4795 673 4851 ubi
686 4793 737 4850 sub
757 4740 839 4864 inan
853 4796 912 4854 base
924 4797 1080 4852 deauctore
1094 4798 1182 4852 tradit
1194 4812 1200 4852 :
1213 4817 1228 4847 a
1245 4795 1318 4852 Ciues
1342 4793 1399 4866 {uit
1426 4796 1644 4859 Aurelianensis,
1666 4797 1820 4852 munacius
1842 4798 1865 4848 et

167 4858 250 4943 abbas
262 4862 467 4932 Burpuiieruis,
484 4863 647 4921 liberalibus
661 4864 786 4921 imbutus
799 4868 908 4936 stadiis,
923 4877 950 4924 et
960 4867 1100 4938 relipiasee
1114 4869 1220 4923 meritis
1235 4872 1299 4924 vitu
1315 4867 1494 4924 venerabilis.
1528 4866 1595 4923 Inde
1613 4881 1663 4936 pro
1691 4867 1828 4937 relipr'otre
1845 4875 1865 4920 st

167 4934 307 5000 sapientia
326 4933 494 5007 uiprantem
511 4935 633 4993 bolensis
647 4938 913 5007 archiepiscopatus,
928 4940 1076 4997 delectione
1101 4943 1242 5010 prouectus
1269 4949 1309 4995 est
1332 4937 1527 4996 memiastt'ca.
1543 4939 1573 4994 ln
1602 4936 1761 5008 episcopata
1777 4956 1861 4993 muna·

167 5001 421 5066 abatamseraauit.
437 5019 537 5062 etcum
554 5009 703 5072 monacbis,
718 5011 977 5082 parnatiorsdabat,
1007 5009 1305 5083 lerampuebabltaait.
1336 5009 1482 5066 indomitis
1511 5011 1585 5065 enim
1610 5009 1775 5066 Britannias
1802 5022 1861 5082 pre·

168 5077 239 5139 erat,
253 5092 366 5148 pueram
382 5081 588 5141 perterribilem
602 5080 719 5136 tolerare
733 5096 788 5136 non
802 5092 918 5151 poterat.
936 5085 975 5142 lln
1042 5088 1160 5139 rotam<
1177 5083 1325 5155 ereetepa
1354 5084 1511 5154 {requenter
1537 5079 1686 5144 deserebat,
1702 5087 1730 5136 et
1760 5084 1791 5136 in
1807 5083 1860 5136 linr-

168 5145 341 5204 lbmanntam
356 5152 478 5219 cupiebat
494 5169 501 5206 :
521 5153 570 5208 ubi
584 5153 709 5208 bolensis
723 5152 844 5209 Emistin
857 5171 940 5225 super
955 5156 1016 5211 liise
1048 5171 1075 5209 tn
1088 5153 1204 5224 pluuium
1220 5171 1237 5209 a
1251 5154 1416 5223 temporibus
1431 5152 1771 5222 S.Snmptonisrepnaate
1779 5154 1860 5210 aitte·

168 5215 242 5305 bertr]
257 5235 320 5289 repe
336 5222 504 5278 Francorum
532 5224 631 5293 landos
658 5225 785 5294 babebat,
807 5232 834 5281 et
862 5227 952 5299 quiae
976 5226 1143 5297 pacificeque
1169 5225 1341 5296 possidebat.
1359 5225 1401 5280 lbi
1425 5225 1535 5295 scriptis
1566 5233 1593 5279 et
1613 5221 1789 5293 dopmatibas
1814 5226 1860 5279 sais

167 5304 202 5344 aa
214 5288 309 5349 latores
323 5310 386 5349 suos
400 5296 436 5350 ad
447 5294 495 5351 liei
508 5297 609 5352 cultum
625 5297 810 5364 intitulabat
826 5298 917 5355 vicina
943 5297 1077 5362 coerrobta,
1106 5297 1270 5353 fiscamnum
1297 5298 1403 5351 scilicet
1429 5312 1463 5352 ae
1491 5293 1679 5354 fontinellam
1695 5309 1783 5366 atque
1796 5296 1861 5353 Ges·

167 5363 296 5419 melicum
311 5364 424 5439 aliaque
436 5365 523 5438 ptura
538 5367 675 5429 visitabat,
694 5375 719 5423 et
733 5370 761 5423 ia
777 5369 876 5424 timore
891 5370 938 5427 bei
951 5368 1036 5425 sacris
1052 5368 1227 5424 serrnouibus
1241 5368 1421 5439 couiortnbat.
1448 5366 1565 5424 Tandem
1594 5367 1623 5421 in
1650 5377 1792 5425 terrenam
1805 5368 1862 5423 bant

169 5433 319 5512 dstunctas
334 5444 383 5504 eti,
401 5446 428 5492 et
442 5434 571 5496 Prntellit
588 5440 617 5494 in
632 5437 747 5494 basilion
763 5439 792 5494 S.
808 5441 887 5496 Petri
901 5440 1017 5509 apostoli
1027 5442 1092 5496 ante
1104 5438 1274 5509 Cntcifieum
1288 5440 1419 5507 sepultus.
1436 5460 1450 5488 n
1467 5439 1530 5494 llaer
1544 5436 1699 5504 ostericus,
1715 5443 1767 5513 pai
1793 5439 1864 5495 lisia

168 5517 242 5561 etant
256 5523 334 5564 suom
346 5510 463 5566 absumit
475 5526 552 5568 anno
564 5510 668 5566 Cirristi
679 5511 800 5566 tbttbe
811 5511 882 5568 aliis
895 5512 1171 5568 ectumaammat
1182 5512 1275 5568 eodem
1287 5512 1416 5568 baldrico
1425 5508 1537 5583 scriptis
1545 5523 1594 5566 ssa
1608 5514 1734 5579 tempore
1748 5522 1863 5583 mmet.

203 5573 231 5635 2.
248 5579 483 5639 tianebistort'unt
494 5582 687 5641 translationes
699 5582 798 5653 capitis
808 5581 837 5639 S.
855 5581 1384 5643 launtmiunnasutrraneecottos
1404 5598 1456 5641 ms.
1471 5579 1773 5641 amusim-Attiani
1794 5578 1867 5642 nabit
