3788 6000
541 221 641 289 liSUS
662 221 822 287 ORDleS
844 223 1021 286 ursiana.
1044 255 1083 270 -
1105 222 1205 288 PARS
1228 224 1253 287 l.

47 364 1753 397 amm

705 525 863 623 PARS
896 526 1099 625 PRIMA.

229 746 379 811 Breviorii
394 763 431 807 sc
448 744 578 806 Nissaiis
593 741 807 806 Cistercieasis
822 741 994 805 secundam
1009 742 1161 822 Regulam
1175 742 1375 809 S.Benedicti
1390 743 1566 827 dispositio.

323 909 436 967 ataui
446 909 599 968 antuus.
888 911 916 979 A
931 906 987 965 bus
1001 909 1127 981 canitur,
1144 910 1181 968 sit
1203 910 1386 971 celebrande.
1403 913 1447 970 hd
1461 929 1550 986 quam
1563 928 1624 971 una
1637 917 1756 972 tantum
1797 984 1801 989 Ι

312 1001 349 1056 De
364 999 487 1057 Adventu
502 1000 621 1057 Domini.
929 999 1022 1056 oratio
1036 999 1173 1070 dicatur;
1191 1002 1249 1059 nisi
1266 1003 1473 1075 fortaprtassns
1488 1003 1646 1061 deiunctae
1656 1004 1756 1064 fuerit.

87 1092 119 1147 lu
135 1090 267 1147 Adventu
278 1089 404 1159 Domini,
420 1088 781 1161 Dominicsprimsdsapcs
804 1086 874 1144 inci·
930 1085 964 1145 Et
978 1089 1131 1161 prophetia
1149 1093 1329 1163 tisanana
1344 1092 1503 1164 lipistolam
1520 1111 1537 1150 e
1552 1094 1685 1167 quolibet
1696 1094 1757 1151 ira-

49 1180 148 1254 piatur
164 1181 199 1237 ad
218 1180 381 1252 vigilasset
391 1180 527 1250 deinceps
538 1184 617 1237 totus
632 1181 748 1252 legatur
758 1193 808 1250 per
823 1177 879 1232 hd·
929 1181 974 1234 tre
985 1184 1086 1251 rogato
1101 1196 1119 1236 a
1132 1184 1250 1237 cantore
1264 1181 1387 1255 legatur.

49 1283 180 1335 veniunt,
198 1285 256 1326 nan
268 1270 365 1327 solunt
390 1271 426 1327 ad
443 1269 625 1342 vigilianum
643 1275 671 1326 et
682 1269 711 1325 ia
728 1266 877 1324 refectorio
965 1268 998 1324 ln
1010 1267 1139 1340 capitulo
1150 1270 1461 1343 auternpostprimutn
1475 1288 1591 1330 uersam
1603 1272 1707 1346 prima
1718 1272 1758 1332 le-

50 1368 135 1433 prout
147 1366 262 1430 tempus
271 1359 431 1432 expetierit.
446 1358 875 1431 hisdemqaoquedtsbuscum
930 1357 1038 1414 ationis
1051 1373 1115 1430 qu·
1130 1357 1173 1415 sio
1189 1358 1303 1432 insipit,
1318 1361 1398 1416 lesus
1419 1359 1548 1418 Christus
1561 1362 1636 1433 iiius
1656 1364 1707 1420 Dei
1726 1363 1759 1419 in

53 1458 119 1521 post
135 1455 278 1523 vesperas
294 1459 322 1508 st
337 1451 450 1507 Laadm
464 1457 492 1507 et
507 1451 542 1506 ad
559 1449 682 1506 arissam
698 1449 735 1505 de
749 1448 878 1522 ipsuild·
930 1446 1180 1506 Deiftfeiemludae
1194 1452 1411 1520 »conductelae
1426 1455 1588 1508 conuentus
1604 1466 1656 1524 pro
1671 1467 1758 1509 uene·

51 1547 139 1598 ventu
155 1548 183 1598 ct
196 1540 294 1613 aliquo
309 1546 411 1597 sancto
423 1541 555 1598 iacienda
566 1543 611 1596 ast
624 1537 873 1606 commemoratio,
931 1537 1158 1594 rationesancta
1170 1536 1336 1595 Natiuitatis
1346 1541 1686 1612 prostratasprationem
1695 1539 1760 1598 bre·

56 1630 139 1703 prius
156 1630 192 1686 de
203 1631 346 1689 Adventu.
362 1633 391 1685 ct
401 1634 502 1701 postea
517 1629 552 1685 de
567 1633 665 1686 saneto
681 1628 733 1684 ilat
747 1643 879 1684 comme·
930 1641 996 1683 vem
1007 1625 1094 1682 faeiat
1106 1642 1119 1690 ,·
1131 1631 1160 1683 at
1173 1625 1280 1683 abbate
1294 1632 1339 1683 vei
1354 1628 1459 1699 priore,
1476 1630 1500 1685 si
1516 1628 1614 1687 Ahbes
1625 1629 1761 1702 defuerit,
1868 1628 1871 1633 '

57 1719 394 1777 muratio.latertiauero
405 1718 710 1791 septimanaejusdem
718 1717 879 1784 Adventus,
932 1716 1272 1787 surgenta,oaterietiam
1284 1716 1473 1791 seerigantat
1488 1719 1647 1789 resideant,
1655 1718 1760 1777 lector·

55 1809 170 1881 jejunia
180 1808 575 1881 Ouatuor‘l'etnporumomni
587 1823 663 1865 anuo
675 1806 879 1874 contenanum
933 1820 990 1878 qus
1000 1809 1070 1862 tuno
1086 1806 1198 1876 reliqua
1212 1805 1347 1862 lectionis
1362 1811 1567 1881 prosequatur.

58 1903 88 1955 et
103 1898 227 1954 homilia
238 1897 457 1971 Evangelioruat
472 1896 595 1967 adipsos
612 1905 670 1953 tres
682 1896 744 1952 dies
755 1895 881 1968 jejunio·
968 1896 997 1952 ei
1011 1902 1109 1952 anam
1126 1896 1232 1969 vigilie
1245 1895 1414 1955 Natiuitatis
1440 1899 1554 1957 Domini
1571 1899 1700 1956 evenerit
1714 1899 1762 1959 diu

53 2004 120 2044 rum
133 1989 351 2059 pertinentesad
365 1985 636 2059 Vigiliasleganda:
648 1984 881 2059 quarumprima
932 1985 1095 2055 Dominica,
1112 1986 1153 2042 ita
1167 1985 1342 2045 celebretur.
1372 1987 1585 2060 imitatorium,
1600 1988 1698 2047 ieonis
1711 2004 1764 2048 ca·

51 2076 195 2134 lectiones
210 2093 227 2132 a
241 2077 382 2147 diaconia,
397 2093 472 2149 quos
485 2081 587 2133 cantor
601 2075 735 2142 uoluerit,
751 2091 881 2148 pronun·
931 2079 991 2150 pita
1008 2078 1396 2151 uestralaprimonocturao
1407 2080 1585 2153 Antiphone,
1597 2080 1721 2150 Domine,
1732 2081 1763 2137 in

53 2167 237 2224 tiandaenat
248 2172 292 2235 ;et
306 2165 624 2239 feriaquintaejusdsm
636 2165 807 2239 septimane
817 2180 879 2224 ser·
932 2168 1042 2226 uirtsuc.
1067 2166 1214 2237 Psalmus,
1238 2171 1368 2239 Densius,
1386 2171 1417 2226 in
1431 2171 1545 2240 uirtute,
1562 2173 1592 2228 et
1607 2171 1677 2229 Deus
1692 2170 1762 2228 Deus

58 2273 160 2314 mones
176 2256 269 2314 sancti
285 2255 435 2326 iupustini
449 2256 485 2313 de
500 2254 697 2313 incarnatione
707 2254 881 2323 Dominivi-
896 2286 920 2354 B
933 2272 1023 2326 meus,
1038 2259 1153 2329 respice,
1183 2262 1213 2314 et
1240 2263 1345 2316 catera
1360 2262 1392 2314 ut
1407 2259 1437 2315 in
1458 2259 1623 2318 Brevioriis.
1639 2263 1762 2329 Versus,

59 2347 162 2402 delicet
177 2347 305 2418 Lepinus
332 2351 458 2402 sanctum
472 2347 599 2419 Neptem
616 2353 653 2411 et,
680 2346 738 2416 Vos,
754 2347 879 2419 inquam,
935 2345 1020 2401 iiodt'e
1041 2345 1216 2420 scietisquic
1243 2349 1333 2404 simiel
1353 2348 1496 2405 Dominus.
1528 2349 1675 2408 Lectiones
1696 2364 1763 2406 vero

57 2439 188 2494 convenio
202 2438 231 2508 (o
244 2435 346 2509 futat)
362 2436 397 2492 ad
415 2436 535 2509 vigilias
549 2441 621 2493 suat
636 2435 787 2492 recitandi.
935 2435 1072 2491 dicantur
1086 2451 1150 2508 que
1165 2436 1195 2491 in
1210 2435 1276 2509 ipsa
1290 2436 1443 2494 Dominica
1462 2442 1569 2510 quarta
1583 2437 1612 2495 in
1628 2438 1763 2495 Adventu

94 2528 251 2600 Siquando
265 2543 332 2583 uero
343 2527 484 2583 festivitas
495 2528 588 2583 sancti
605 2527 709 2584 fiomre
721 2526 881 2601 aposiofiin
936 2525 1051 2583 Domini
1064 2526 1092 2580 iu
1106 2524 1181 2582 fihro
1193 2525 1352 2583 lectionari
1367 2528 1482 2600 scripta
1499 2534 1579 2597 aaut,
1595 2527 1626 2584 ld
1638 2533 1692 2594 est,
1705 2533 1766 2585 iu·

63 2619 165 2675 esdram
182 2616 251 2674 feria
261 2617 363 2689 quinta
373 2615 603 2686 euenerit,tertia
616 2615 688 2673 feria
698 2617 882 2688 ejusdemse·
935 2615 991 2673 dite
1002 2632 1057 2685 me,
1073 2617 1122 2687 pai
1135 2615 1286 2688 sequimini
1300 2616 1372 2689 pund
1379 2617 1490 2690 justum
1503 2623 1553 2674 cst.
1573 2617 1608 2674 Dt
1622 2618 1652 2673 iu
1663 2618 1766 2675 eodem

61 2710 208 2782 ptirnanoe,
237 2706 388 2779 prenotati
404 2721 555 2762 sermones
569 2706 713 2779 leguntur.
724 2705 882 2762 Sciendum
937 2705 1031 2776 primo
1047 2714 1188 2761 nocturno
1203 2704 1338 2779 legantur
1356 2706 1552 2777 Responsoria
1574 2707 1672 2764 danitc
1686 2708 1763 2765 tudo.

63 2803 161 2855 tantan
178 2796 254 2869 quod
275 2796 443 2868 Antiphone
457 2794 517 2863 iila,
534 2810 596 2867 qun
622 2795 726 2867 quinta
754 2796 802 2851 die
816 2800 884 2852 aute
936 2797 995 2852 Non
1008 2799 1168 2866 suferetur.
1186 2796 1227 2851 lie
1240 2803 1348 2864 oportet
1361 2799 1462 2854 suinai.
1479 2797 1544 2854 Ecce
1553 2796 1615 2869 jam
1629 2798 1714 2853 uenit.

61 2890 138 2945 diern
152 2887 320 2944 Natiuitatis
334 2884 502 2941 intitulatur
522 2885 557 2941 ad
573 2883 747 2951 Benedictus,
762 2884 839 2940 siout
853 2885 883 2940 iu
973 2886 1005 2940 la
1021 2885 1150 2942 meando
1165 2889 1319 2952 nocturno,
1343 2885 1761 2958 haliphoaadicminusdeien-

61 2978 274 3050 Antiphanario
290 2982 419 3048 notatur,
437 2976 465 3032 id
482 2981 527 3033 est
540 2975 633 3033 Nolite
645 2978 755 3044 timere,
766 2975 883 3034 etiamsi
936 2990 993 3033 sor.
1009 2973 1152 3038 Psalmus,
1173 2973 1314 3043 Dominus,
1330 2974 1512 3041 illuminatio,
1528 2974 1607 3031 etit
1623 2984 1648 3032 te
1659 2975 1764 3033 clama

62 3069 127 3140 ipsa
141 3068 205 3124 dias
220 3068 322 3141 quinta
333 3067 484 3123 [lominica
494 3067 694 3134 evenerit,non
706 3066 884 3133 obmittitur,
938 3064 980 3132 dc,
992 3068 1048 3121 etc.
1065 3064 1182 3127 Versus.
1193 3062 1320 3118 Crastina
1330 3064 1378 3119 die
1387 3063 1524 3120 delebitur
1532 3066 1665 3136 iniquitas
1673 3069 1765 3123 tcrrae.

63 3159 114 3214 sed
131 3157 290 3213 dicitarad
310 3156 481 3213 Benedictus.
512 3154 646 3213 iilauero
671 3155 883 3223 daDomiaioe,
937 3150 1143 3226 Responsura,
1172 3152 1252 3222 Virro
1275 3151 1370 3208 irrasi.
1390 3153 1500 3220 furaci,
1530 3152 1598 3210 dicit
1620 3156 1768 3212 Dominus.

65 3246 176 3303 scilicet
188 3245 241 3303 icc
256 3245 354 3314 llario,
366 3250 524 3302 remaneat.
938 3244 997 3301 Non
1010 3239 1178 3299 discedimus
1191 3256 1212 3298 a
1227 3244 1262 3299 te.
1278 3242 1429 3298 intuemini
1443 3251 1563 3313 quantas
1576 3242 1624 3302 sit.

391 3355 505 3413 GAvap
523 3354 556 3412 ῃ.
973 3333 1013 3388 hd
1028 3330 1158 3400 Cantica,
1174 3329 1352 3403 Antiphone,
1370 3328 1507 3388 ifisiuia.
1521 3331 1688 3401 Canticum,
1704 3335 1763 3390 Do·

63 3449 205 3523 Quomodo
227 3466 277 3521 p„
291 3451 407 3506 hiemem
422 3452 537 3520 „mm
546 3449 640 3506 diebu,
652 3449 688 3507 aa
704 3449 827 3524 759515„
840 3451 885 3508 dp,
938 3425 1024 3489 mine,
1035 3423 1395 3492 miserevcnosiri.versus,
1405 3422 1765 3495 lipredfcfttrnirpullven·

309 3522 442 3578 uidentur
452 3522 640 3593 itecponsoria.
939 3512 1139 3589 estiomenus
1150 3518 1220 3570 esset
1231 3512 1407 3581 desponsata.
1424 3511 1557 3569 llomelia
1567 3512 1700 3585 Origanis
1711 3530 1719 3583 ς
1731 3529 1768 3571 ex

99 3612 202 3669 Omnia
214 3614 409 3684 Responsoria
420 3629 483 3683 qua
493 3617 672 3668 cantantura
681 3610 820 3669 liniendis
828 3613 886 3669 No·
907 3603 1138 3726 cquthoffliliss
1151 3601 1288 3676 'Nimim‘
1303 3607 1429 3674 (filiium
1439 3604 1679 3671 1⁴00N⁰1¹⁰h⁸i⁰1¹i
1688 3602 1768 3661 ‘10⁸5-

63 3704 191 3758 vembrls
209 3718 301 3773 usqua
318 3703 346 3757 in
363 3701 474 3757 Pascha
494 3701 653 3758 Dominicis
668 3701 783 3771 diebus,
798 3703 888 3759 eilia·
942 3700 1037 3768 gnato
1053 3692 1161 3749 thulin
1176 3689 1270 3758 libwf
1287 3707 1411 3764 qualum
1429 3693 1553 3764 primum
1565 3691 1770 3764 leguidioqul·

63 3790 220 3863 sponsoris
241 3789 450 3862 apparitionis,
481 3790 734 3847 scilicetifodiein
759 3790 889 3858 iordane,
941 3786 1007 3843 dem
1024 3782 1176 3840 Dominico
1196 3780 1770 3855 diaconushehdomadariue;priuatis

67 3879 235 3935 dividantur
250 3879 326 3935 trina
341 3877 890 3952 persingulasdiespriuatisdiehueus·
941 3888 1009 3931 varo
1024 3872 1139 3938 diebus,
1162 3884 1250 3941 quem
1278 3878 1381 3926 centor
1399 3868 1536 3926 uoluerit.
1561 3870 1769 3942 Respontoris,

70 3986 127 4041 qua
144 3969 178 4024 ad
196 3973 306 4025 sextam
321 3968 435 4025 leriem.
451 3967 537 4024 Sexta
551 3984 617 4025 uero
633 3967 705 4025 feria
719 3973 892 4042 repetantur
942 3961 1170 4033 sanctificamini.
1182 3960 1441 4017 Constantescdote.
1462 3958 1697 4031 sanctificamini,
1717 3959 1773 4030 titii

74 4057 207 4130 acepite,
223 4058 353 4130 exceptis
381 4057 439 4114 iilis
455 4058 559 4115 diehus
585 4058 635 4131 qui
650 4058 760 4116 habent
775 4059 892 4132 propris
943 4052 1037 4111 insci.
1058 4050 1195 4107 Nascetur
1217 4048 1301 4106 cedia
1324 4047 1510 4121 livangeilum
1536 4054 1603 4122 post
1632 4048 1666 4107 fe
1681 4052 1772 4107 Deum

70 4148 265 4218 responsoria
282 4146 415 4205 :settara
429 4152 497 4206 ants
521 4147 621 4207 naute
643 4148 759 4207 nomint
774 4156 803 4208 a
815 4153 892 4224 post,
945 4139 1251 4207 amanuensem
1264 4139 1427 4210 desponsata
1441 4140 1617 4196 matertera.
1633 4136 1772 4208 cottana,

68 4241 97 4292 et
113 4240 181 4292 ante
196 4235 307 4293 Pascha
321 4241 351 4293 et
365 4238 435 4294 dum
447 4241 603 4295 cantantur
611 4239 819 4312 Responsum,
838 4243 893 4298 Da-
945 4234 1015 4290 Deru
1029 4231 1139 4304 quinos
1154 4226 1365 4300 Redemptionis.

69 4325 896 4400 anianaeiniru.PorrorispisiensquodinDomiuloacum
984 4320 1016 4377 ln
1031 4318 1179 4385 ltudibuh
1193 4314 1770 4387 dlivlttf‘l·¹’⁸⁸lm1¹⁵2iff‘⁸erefemihim&

68 4417 166 4474 tribas
182 4418 314 4475 uersibus
329 4417 454 4488 canitur,
471 4417 585 4492 quoties
601 4414 721 4489 priv'ttis
735 4419 840 4478 diebus
855 4438 897 4478 re·
946 4414 985 4482 ci,
1001 4409 1180 4481 confitemini
1201 4407 1325 4477 Domino,
1351 4413 1406 4464 eta.
1424 4407 1601 4482 Capitulum,
1617 4410 1683 4466 Ecce
1696 4405 1776 4465 uenio

73 4513 275 4578 petetur,cum
292 4506 355 4562 solo
372 4505 474 4562 ultimo
487 4522 570 4562 uersu
580 4506 756 4564 cantabitur.
772 4510 854 4576 Quod
870 4509 896 4568 ei
947 4501 1011 4559 cito.
1022 4494 1352 4570 numerusnumerous
1361 4498 1465 4553 *ciiiil-
1482 4498 1626 4570 Hymnus,
1641 4496 1778 4568 Sillim?

72 4595 172 4667 aliqua
190 4595 332 4652 festivitas
349 4596 505 4653 duodecim
522 4595 681 4653 lectionum
698 4597 896 4671 intervenerit,
946 4587 1196 4664 Daiimoeiiivfi'ae·
1208 4585 1329 4654 V0f⁸¹¹³s
1346 4586 1506 4642 cmliii&
1518 4590 1610 4644 idiote·
1626 4586 1670 4644 Ad
1683 4584 1777 4643 Canii·

70 4685 123 4741 ilia
139 4685 193 4741 tria
220 4686 429 4758 ilesponsoria,
446 4703 510 4759 qua
522 4686 646 4742 dicenda
661 4688 773 4744 tusnnt
787 4688 818 4744 in
832 4688 898 4762 ipat
950 4697 1016 4738 eum
1032 4679 1069 4736 di
1083 4675 1256 4751 Efflnssssliffi
1284 4676 1464 4748 Antiphone,
1492 4676 1606 4734 orietur
1632 4679 1704 4734 sicui
1719 4674 1777 4737 toi.

73 4771 119 4827 die
135 4788 224 4844 qaam
240 4774 394 4845 occupauit
410 4774 562 4846 festivitas,
573 4773 711 4833 dicantar
724 4790 757 4832 sa
772 4776 820 4833 die
834 4792 899 4849 qua
950 4767 1085 4839 Golfeola,
1100 4770 1171 4825 Deus
1184 4765 1233 4838 qui
1248 4780 1297 4822 nos
1312 4765 1518 4838 redemptionis.
1534 4766 1588 4824 Pro
1604 4782 1780 4826 commemo·

76 4877 167 4918 vacua
183 4863 359 4921 successerit
375 4863 534 4921 iestiuitsti.
953 4859 1066 4916 ratione
1080 4854 1260 4914 Dominice:
1289 4854 1467 4926 Antiphone,
1483 4858 1537 4913 ,iae
1548 4854 1646 4923 Narin,
1661 4855 1783 4925 Versus,

398 4953 514 5011 CAPUT
530 4955 578 5010 111.
954 4950 1056 5007 limitte
1065 4943 1308 5019 apnum,Domine.
1325 4942 1463 5014 Collects,
1475 4945 1586 5018 Eccita,
1599 4946 1727 5017 Domine,
1736 4960 1785 5021 po·

253 5042 291 5098 De
304 5041 404 5111 cipitia
419 5042 585 5100 Natiuitatis
600 5043 722 5100 Domini.
916 5031 941 5097 D
957 5039 1082 5097 tendam.

116 5128 262 5201 lavigilia
270 5130 437 5187 Natiuitatis
448 5131 564 5189 Domini
576 5137 642 5204 post
650 5132 903 5192 Nocturnosmore
991 5127 1083 5186 Missa
1097 5120 1281 5181 matutinalis
1302 5123 1338 5182 da
1353 5122 1517 5191 Dominioa.
1532 5123 1561 5181 id
1577 5129 1633 5192 att,
1645 5129 1783 5185 Nemmio

78 5217 165 5276 solito
180 5217 292 5290 Vigiliis
304 5237 355 5292 pro
371 5220 518 5278 defunctis
529 5230 655 5295 agantur
671 5240 678 5280 ι
694 5227 723 5279 et
734 5227 903 5283 oetemotn·
956 5216 1193 5286 nostrinostri,
1209 5228 1276 5270 oum
1287 5230 1342 5271 sus
1356 5213 1479 5271 collecta
1493 5215 1620 5285 dicatur,
1635 5215 1693 5273 nisi
1709 5232 1784 5290 pru·

77 5307 125 5363 nia
150 5307 226 5363 sicut
240 5306 306 5365 eliis
332 5308 453 5381 privatis
469 5310 573 5367 diebus
597 5311 811 5382 persolvantur,
835 5329 902 5371 num
956 5325 1025 5368 sens
1038 5306 1194 5364 defunctus
1211 5304 1308 5362 inerit.
1321 5306 1412 5378 Naior
1426 5322 1494 5364 uero
1509 5309 1601 5364 missa
1616 5306 1652 5364 de
1666 5306 1785 5381 vigilia,

79 5396 903 5477 flaxfanegenuutnusqueadVesperasNatalieDomini3
958 5401 986 5457 id
1014 5408 1066 5461 est,
1084 5396 1283 5452 liudietct'ctis.
1308 5395 1561 5461 iifetaiudicatur,
1588 5401 1618 5453 et
1647 5397 1732 5455 decdo
1751 5413 1785 5455 m

76 5496 194 5557 excepto
204 5486 279 5558 quad
291 5485 379 5543 missa
396 5486 475 5546 iilius
489 5489 546 5547 diei
564 5494 630 5565 post
643 5490 771 5551 Primam
779 5493 902 5553 sineile·
955 5507 1043 5549 unum
1057 5490 1153 5546 Deum
1169 5485 1325 5560 Prophetis
1343 5489 1448 5561 Bsause
1462 5492 1531 5544 ants
1546 5487 1709 5562 tipistolam
1722 5504 1780 5546 non

74 5575 159 5634 sione
175 5584 349 5649 genuerunt
362 5594 395 5635 ea
405 5579 590 5638 ueneratione
600 5597 657 5653 que
666 5580 827 5643 Dominicis
841 5582 902 5642 die·
956 5579 1143 5641 obmittatur.

218 5696 353 5760 Pmon.
374 5696 503 5760 cnxvt.
1603 5696 1644 5758 dd
