3788 6000
47 232 62 305 .’
127 254 204 322 tras
670 237 860 304 umuurnr
882 227 1079 295 nunnusts
1100 226 1284 291 seretur.
1760 220 1840 283 ster

126 387 207 452 Quod
224 385 323 454 penult
337 389 471 438 'turonus
486 379 533 436 hle
545 380 651 450 pausat
667 373 763 432 nobile
776 385 895 442 eorpus,
967 380 996 450 Α
1048 365 1082 416 ut
1096 377 1167 432 gens
1182 357 1360 432 pubescens,
1380 372 1464 413 rarus
1480 360 1507 410 et
1522 369 1619 410 annus
1633 351 1745 409 adhue.

165 475 287 548 Spiritui
302 491 370 532 veru
386 473 425 530 sit
439 473 544 528 domus
559 468 588 524 in
605 465 743 523 Domino.
1011 451 1129 508 vivendi
1145 448 1247 505 leviter
1264 446 1316 503 tibi
1332 463 1421 503 eausa
1438 445 1528 513 tuere,
1544 440 1662 508 ilnheri,

364 566 468 620 lterum
482 574 566 633 super
586 556 721 615 summ.
1045 539 1224 610 vivendique
1238 537 1289 594 diu
1307 552 1390 608 sporn
1406 535 1459 591 tibi
1481 532 1679 591 coutulerunt.

166 658 275 730 siquis
291 654 437 712 tsuttteos
453 652 587 708 mirando
602 648 751 705 recensent
769 649 865 710 astus,
1010 627 1088 685 Nulli
1105 627 1269 686 contulerat
1284 627 1382 700 polius
1397 631 1501 682 return
1524 640 1574 724 ror
1586 624 1697 724 sunu,
1831 717 1833 720 Α

131 750 224 804 notus
236 744 396 802 Burahsrrti
413 742 505 813 pluris
522 738 632 795 habens
648 735 765 793 essolet,
1046 721 1143 790 Atque
1159 733 1278 775 menum
1294 715 1421 773 validam
1436 732 1525 787 quarn
1541 714 1592 769 trbr
1607 710 1786 770 contulerat.

167 836 300 909 (torporis
316 839 367 892 snt
382 832 471 889 enimi
489 829 562 886 uulll
577 827 683 884 virtute
706 823 865 886 seeundum
1011 808 1113 864 Mffills
1128 807 1219 865 ”⁰5⁰³
1236 812 1330 864 mlum
1342 804 1430 861 simul
1446 802 1567 860 &illium
1580 802 1669 871 illul,

130 926 248 983 Viveret
264 926 327 998 ipse
342 923 405 987 diu,
419 919 517 978 Julius
533 917 693 974 attereret.
1048 896 1160 968 Quippe
1175 895 1269 967 coegit
1284 901 1312 952 te
1328 898 1419 992 morto
1437 892 1510 949 mori
1524 891 1633 948 subita.
1667 978 1672 989 ι

1011 986 1044 1041 ln
1061 986 1175 1041 modion
1195 986 1314 1040 taudem
1334 981 1428 1055 putus
1444 981 1530 1037 modo
1544 980 1693 1037 olsuderrs
1707 982 1804 1047 antro,

1050 1073 1143 1129 Notus
1160 1090 1286 1143 namque
1302 1078 1358 1130 Deo
1375 1088 1453 1129 nune
1469 1071 1550 1127 loeus
1566 1074 1610 1126 est
1632 1069 1756 1125 animes.

428 1189 498 1244 rtem
512 1184 659 1241 desudem,
1013 1164 1094 1228 Quod
1110 1163 1134 1217 si
1152 1168 1217 1218 vota
1231 1164 1305 1218 tides
1320 1165 1414 1217 nudas
1431 1177 1482 1232 pro
1498 1158 1606 1215 talibus
1628 1157 1727 1226 otiert,

136 1280 285 1354 Quidquid
303 1277 465 1334 multarum
486 1281 591 1330 ustura
608 1274 710 1343 puteus
726 1266 906 1339 probitatum
1051 1243 1159 1300 ⁰ff⁸l⁸l
1173 1248 1201 1301 0²
1216 1259 1267 1316 tll⁰
1282 1247 1309 1300 le
1328 1250 1393 1298 V⁰¹ll
1409 1242 1534 1314 belssdlll
1550 1241 1633 1297 fidi*

170 1370 273 1428 Divisit
290 1367 404 1435 multis,
420 1362 627 1422 eonstitueudo
639 1359 768 1431 probos:
1264 1349 1304 1406 At
1328 1356 1436 1407 erutum
1458 1348 1590 1418 ejusdem.

134 1461 165 1518 ld
187 1458 366 1524 Burobsrda,
380 1455 433 1512 tibi
449 1454 569 1509 dederat
579 1452 652 1506 bene
669 1446 788 1520 prodige
800 1450 905 1510 toturn,
1015 1444 1041 1495 Α
1053 1441 1173 1496 domiuo
1191 1440 1307 1496 viduata
1322 1444 1371 1495 tuo
1383 1440 1444 1511 jsru
1459 1455 1562 1511 parurn
1576 1436 1708 1508 quiesce,

174 1550 283 1605 Heroas
299 1549 327 1603 in
344 1552 371 1602 te
384 1558 517 1618 quosque
533 1540 618 1597 simul
631 1536 787 1610 replicans.
1052 1529 1103 1586 Cui
1121 1545 1173 1601 par
1189 1529 1314 1586 Raherio
1331 1528 1431 1585 nullus
1446 1528 1501 1584 erit
1515 1525 1666 1583 domiuus.

136 1638 284 1711 Quidquid
300 1640 370 1693 suut
386 1635 434 1692 elii
451 1630 546 1689 sortiti
565 1626 774 1702 particulatim,
1017 1619 1083 1676 Vive
1101 1635 1108 1685 ;
1124 1618 1190 1675 dies
1206 1619 1297 1675 iustos
1311 1617 1430 1688 longum
1443 1616 1543 1674 vis'urn
1558 1633 1608 1688 per
1622 1631 1729 1681 aevnm,

176 1729 217 1785 'l'u
236 1733 327 1783 toturn
345 1725 424 1782 solus
440 1722 566 1795 pleniter
586 1716 764 1790 assequeris.
1057 1706 1129 1763 Nnru
1146 1708 1302 1763 metuenda
1317 1707 1437 1779 quidem
1457 1706 1559 1762 laurea
1575 1704 1655 1760 nullu
1671 1703 1738 1762 tibi.

30 1846 33 1853 =
141 1817 285 1875 Providus
302 1819 330 1873 in
347 1813 453 1884 verbis,
465 1811 606 1868 robustus
619 1810 725 1863 etaoor
739 1804 768 1859 ln
788 1803 890 1871 armis,
1019 1794 1092 1852 Nem
1108 1797 1133 1852 si
1147 1795 1289 1853 litherius
1305 1795 1350 1852 uel
1361 1812 1413 1867 par
1427 1795 1483 1851 sibi
1499 1795 1607 1850 viveret
1622 1792 1716 1863 nllus,

175 1906 349 1963 causidicus
363 1903 474 1973 cicaro,
491 1900 611 1972 belliger
626 1899 731 1953 uector
745 1910 820 1951 sess.
1055 1889 1118 1942 uon
1133 1887 1310 1943 deberentur
1324 1886 1383 1943 ullu
1398 1891 1478 1941 tanta
1493 1884 1557 1940 llll·

140 2000 177 2056 st
192 2000 260 2054 dum
281 2013 333 2069 pro
349 2010 436 2068 paruo
450 1994 588 2049 'l'urouus
603 1989 687 2046 ducis
702 1985 899 2049 dominatum,
1019 1978 1097 2031 Mors
1112 1977 1176 2046 ejus
1193 1976 1336 2048 requiem,
1353 1975 1460 2032 inseret
1474 1975 1527 2030 tibi
1541 1973 1602 2029 vita
1612 1971 1757 2029 laborem.

175 2088 217 2144 ild
233 2084 443 2159 Langobardos
459 2081 617 2137 fulmineus
633 2092 782 2150 properes.
1055 2064 1110 2120 Sed
1127 2064 1210 2121 labor
1225 2064 1273 2121 ille
1288 2064 1342 2121 tibi
1357 2065 1464 2136 dignus
1478 2064 1590 2120 bonore
1606 2063 1690 2119 iuret.

142 2176 237 2240 Quam
249 2179 363 2245 gentem
377 2169 473 2226 verbi,
487 2169 538 2224 ,ibt
550 2168 620 2223 dum
631 2164 928 2237 ,ubjungimnmjffi
1020 2153 1166 2210 Posterior
1176 2170 1342 2226 nunqnam,
1358 2155 1438 2227 prior
1453 2154 1511 2209 ires
1526 2168 1642 2224 semper
1661 2152 1692 2208 in
1721 2151 1843 2223 hostem,

183 2263 286 2318 Gentis
300 2265 329 2318 at
348 2260 446 2315 uxoris
462 2257 627 2331 proditione
642 2255 733 2312 sadis.
1056 2245 1162 2301 Cedere
1179 2261 1232 2301 neu
1246 2246 1338 2301 scires
1353 2245 1449 2313 ensis,
1470 2261 1521 2301 neo
1537 2244 1665 2315 lugeres.

146 2353 220 2408 Eoos
236 2348 309 2405 nibil
325 2350 360 2404 de
376 2354 404 2404 te
418 2350 551 2420 superest
563 2345 619 2402 uisi
634 2342 767 2416 pulviset
781 2358 858 2399 oses.
1020 2334 1076 2400 Olli
1087 2336 1116 2388 te
1132 2334 1315 2406 ennepiuient
1331 2352 1383 2406 pro
1400 2341 1475 2391 teuto
1492 2333 1586 2390 milite
1602 2333 1729 2404 plorent,

182 2440 243 2496 Pax
258 2438 323 2511 tibi,
344 2436 420 2494 betis
436 2437 554 2509 quidem
571 2450 659 2491 osuss
673 2433 753 2488 luere
769 2430 859 2487 neeis.
1057 2423 1160 2495 ‘inque
1173 2424 1222 2479 diu
1239 2423 1338 2479 volsas
1354 2423 1384 2479 in
1400 2422 1483 2479 titulo
1508 2421 1614 2494 posita.

304 2533 395 2600 Super
409 2526 561 2583 itubmum
580 2522 806 2580 rrudrreiesimum.
1269 2531 1357 2604 saper
1371 2547 1454 2605 qm
1465 2531 1594 2588 evenerit,

145 2618 273 2676 lusorlbi
288 2617 412 2673 tumulis
426 2621 551 2674 Heroum
567 2614 641 2669 lautu
660 2610 805 2678 ³⁰l⁰bllllls
1021 2621 1070 2685 Qut
1084 2637 1172 2690 supra
1183 2624 1294 2677 vestros
1311 2621 1424 2694 legistis
1440 2619 1571 2676 lementa
1585 2616 1729 2690 sepultos,

184 2707 222 2766 Ut
240 2707 342 2781 quenti
359 2708 474 2762 tuerent
488 2703 645 2777 posteritas
659 2701 779 2773 legeret·
1019 2707 1152 2781 Quinque
1169 2709 1281 2766 minure
1294 2710 1388 2781 promi
1404 2725 1475 2766 essu
1488 2708 1588 2781 lugere
1604 2706 1722 2776 soletis,

146 2800 203 2857 ssd
219 2803 270 2856 tna
283 2800 423 2855 deberent
438 2795 556 2870 spontali
570 2794 656 2862 lucil,
672 2788 788 2858 uoueri,
1021 2796 1056 2852 itt
1071 2797 1143 2853 mihi
1158 2798 1271 2870 dilapso
1287 2799 1529 2855 iletusiuiundite
1544 2804 1669 2854 vestros.

183 2889 306 2946 inscribi
322 2888 445 2951 calamo,
462 2901 528 2942 uam
545 2881 680 2954 specialis
695 2896 769 2938 erati·
1021 2886 1216 2943 Consuleruur
1229 2904 1362 2959 maguus,
1376 2889 1473 2960 patris
1481 2892 1576 2960 pater,
1587 2886 1726 2943 hostibus
1741 2884 1841 2951 bostis,

146 2982 221 3034 itam
232 2977 400 3035 nsturatibi
418 2974 533 3032 nullum
550 2973 591 3030 sie
605 2972 810 3044 equiperent,
1021 2974 1145 3031 Nomine
1157 2975 1342 3047 Guillelrnus,
1357 2977 1422 3034 vitae
1439 2981 1533 3034 sistus
1549 2976 1686 3032 omnibus
1701 2976 1809 3032 omnis.

180 3069 324 3126 Omnibus
339 3076 370 3125 ut
384 3065 466 3124 solus
483 3063 632 3137 prrstueris
651 3062 786 3118 duolbus.
982 3114 1007 3181 c
1023 3071 1058 3119 At
1074 3080 1153 3120 nunu
1164 3071 1304 3131 extrema,
1321 3083 1373 3122 esu
1389 3067 1520 3140 singule,
1536 3071 1614 3122 sorte
1631 3065 1755 3138 potitus.

150 3158 292 3216 iusidioss
307 3159 383 3214 latus
398 3156 451 3213 tibi
469 3156 569 3211 lancea
584 3153 656 3210 rodit
671 3157 842 3222 utrumqne,
1023 3153 1153 3210 Oeoubui
1168 3170 1224 3210 non
1241 3152 1304 3227 iege
1322 3171 1396 3225 ruse,
1412 3157 1463 3211 sed
1481 3155 1695 3227 legejubsntis,

182 3247 328 3304 Militibus
344 3250 424 3302 tutor
439 3245 510 3301 dum
525 3243 608 3315 cupis
623 3257 690 3297 esse
705 3240 775 3295 tuis.
1023 3241 1129 3298 Omnis
1143 3241 1228 3313 eujus
1242 3243 1288 3299 lex
1303 3243 1381 3299 eliud
1393 3244 1525 3300 demutat
1538 3245 1569 3300 ln
1584 3259 1659 3299 esse.

147 3335 227 3392 Felix
243 3353 318 3392 urus
333 3336 396 3391 ioue
410 3335 460 3406 qui
478 3338 592 3389 rustum
609 3328 711 3386 terruit
730 3327 844 3396 urbem,
1026 3331 1073 3386 liei
1091 3331 1163 3387 milri
1179 3332 1185 3386 l
1203 3348 1292 3400 nune,
1311 3332 1411 3401 laetor,
1427 3331 1468 3388 nil
1480 3331 1546 3404 plue
1559 3332 1595 3388 de
1610 3331 1734 3388 consuls
1750 3336 1849 3401 restat,

180 3424 238 3480 Neo
255 3424 294 3482 sit
309 3422 335 3479 ei
350 3427 443 3478 terror
458 3419 588 3491 eorporis
603 3424 655 3474 sut
676 3417 791 3472 enimn.
1025 3420 1116 3484 Quam
1133 3421 1211 3491 quod
1225 3436 1279 3492 ego
1295 3421 1349 3477 troi
1363 3427 1415 3477 tun
1430 3426 1495 3478 vote
1517 3423 1594 3493 quod
1611 3420 1799 3477 emeliorent.

432 3509 523 3581 Super
547 3507 683 3565 eumdem.
1025 3508 1085 3566 ileo
1096 3524 1174 3565 nunu
1189 3509 1323 3566 luolusus
1337 3513 1394 3566 sub
1412 3512 1520 3567 fornice
1535 3512 1598 3583 legs
1612 3509 1762 3583 sepultus.

149 3599 226 3654 Alite
239 3598 310 3654 fisus
325 3613 398 3668 equo
410 3612 551 3668 properus
567 3598 636 3649 dum
654 3590 791 3648 tulminnt
806 3591 915 3661 hostes,
1025 3593 1086 3658 Qua
1100 3594 1240 3665 sepelitur
1255 3596 1343 3653 houro
1353 3597 1504 3653 communi
1519 3597 1581 3667 lege
1597 3612 1764 3668 resurgam.

186 3687 223 3743 Se
239 3689 355 3743 sentum
372 3685 502 3757 prebens
519 3682 659 3740 auxiliare
674 3680 747 3747 suis,
1312 3687 1400 3759 Super
1411 3687 1561 3743 Quaererem.

151 3775 296 3833 Rnberius
310 3775 424 3839 cecidit,
444 3791 502 3847 quo
517 3790 573 3829 rou
589 3771 729 3828 antinoior
743 3769 833 3836 ullus,
1028 3773 1139 3840 lector,
1156 3774 1226 3847 quid
1243 3775 1360 3844 luerim,
1375 3777 1445 3847 quid
1459 3793 1523 3832 sum
1537 3776 1562 3832 si
1578 3776 1651 3832 torte
1667 3775 1808 3847 requiris,

188 3865 291 3923 Hostili
303 3864 361 3921 telo
376 3866 451 3920 ilxus
462 3869 620 3934 utrumque
634 3861 721 3917 latus.
1063 3859 1137 3917 Nata
1153 3861 1249 3933 puella
1266 3863 1319 3930 tui,
1336 3880 1402 3918 suru
1419 3864 1505 3920 modu
1521 3865 1598 3919 laeta
1612 3863 1699 3919 uiuis.

151 3952 256 4011 Emisit
269 3954 371 4011 ilatum
387 3953 484 4010 subito
499 3968 567 4009 eum
590 3950 732 4016 sanquine
747 3951 882 4019 mixtum,
1028 3949 1169 4022 Conjugio
1186 3951 1242 4006 invi
1258 3954 1463 4009 tautummodo
1480 3952 1570 4024 prolis
1585 3968 1695 4020 amore,

187 4044 360 4116 Exemplum
375 4045 470 4099 laetus
489 4040 614 4114 lugubre
638 4039 793 4096 militibus.
1064 4037 1191 4095 Orunbni
1206 4039 1353 4097 deeimum
1370 4043 1439 4098 dum
1457 4057 1587 4114 parerent
1605 4058 1745 4113 puerum.

154 4132 265 4188 Militis
283 4133 410 4205 grauiter
424 4130 572 4202 stipendia
586 4145 662 4185 suun
677 4129 799 4184 remisit.
1028 4126 1086 4184 Nee
1101 4144 1173 4198 puer
1184 4129 1306 4200 antiquo
1322 4132 1460 4188 nascendi
1480 4132 1612 4187 nascitur
1625 4147 1695 4201 usu,

185 4224 307 4293 Propter
322 4235 410 4292 quern
426 4235 533 4290 eorpus
553 4217 676 4274 eontulit
700 4224 788 4288 atque
816 4215 945 4273 animam
961 4233 970 4285 ς
1064 4218 1243 4274 Cusamntre
1257 4219 1377 4290 quidem
1389 4221 1467 4277 illius
1482 4219 1653 4276 extrahitur.

149 4308 230 4372 Quod
247 4308 271 4366 sl
288 4325 397 4379 sponsu
411 4306 462 4363 Dei
479 4323 587 4380 sponsu
600 4324 651 4376 pro
667 4305 777 4362 talibus
793 4308 893 4375 audet,
1028 4308 1180 4382 Gaussqne
1191 4310 1319 4366 nubendi
1335 4312 1408 4367 mibi
1424 4328 1513 4369 eausa
1527 4313 1582 4367 tuit
1602 4313 1762 4368 moriendi.

188 4395 223 4453 Et
239 4414 291 4473 pro
305 4396 429 4454 liaberio
444 4395 587 4468 supplicet
601 4395 666 4468 ipse
680 4395 748 4452 Deo.
1064 4398 1200 4455 Consulis
1216 4416 1288 4455 uror
1304 4415 1367 4472 epo,
1384 4417 1489 4457 nomen
1506 4400 1625 4457 Qennus
1644 4401 1731 4458 mibi.

472 4488 549 4544 Sicut
562 4500 657 4557 supra.
986 4473 1010 4540 l)
1026 4487 1083 4544 Sed
1098 4488 1166 4557 quid
1178 4488 1281 4557 bonor,
1297 4490 1367 4561 quid
1384 4505 1463 4560 opes,
1480 4492 1551 4562 quid
1568 4490 1659 4563 prolis
1674 4492 1856 4563 eopisprod-

151 4576 293 4633 liebertus
309 4575 393 4633 miles
410 4576 493 4633 tortis
506 4574 587 4631 velut
601 4573 673 4631 alter
694 4573 830 4642 Achilles,
1770 4582 1857 4654 [esti

164 4668 292 4749 *Dispsr
304 4665 334 4720 iu
349 4664 428 4720 nullo
444 4664 582 4721 leudibus
598 4662 756 4720 Hectoreis.
1062 4665 1174 4723 Cbriste
1191 4666 1262 4722 mibi
1280 4667 1387 4739 prosis,
1403 4671 1433 4724 tn
1452 4668 1524 4724 mibi
1539 4670 1656 4725 mansio
1672 4670 1727 4727 sis.

147 4755 239 4819 Quem
255 4760 361 4811 natura
377 4760 479 4827 potens
491 4759 552 4810 toto
571 4754 722 4809 deuorarat
737 4752 766 4807 ln
782 4752 862 4808 orba.
1308 4756 1395 4828 Super
1408 4756 1566 4814 Gutdruem.

186 4844 298 4900 Militia
313 4843 407 4900 titulis
421 4847 449 4898 et
460 4842 605 4915 probitate
620 4856 684 4897 sus.
1027 4843 1114 4900 lissul
1131 4845 1167 4900 ab
1184 4845 1255 4901 urbe
1271 4847 1417 4902 meadum
1434 4863 1481 4903 me
1496 4846 1575 4904 velut
1589 4847 1765 4920 effugientes

74 4996 79 5005 Ι
152 4931 264 4989 Milites
280 4934 378 5001 unius,
391 4931 448 4987 ben
464 4930 470 4985 t
489 4934 622 4986 mortuus
637 4929 740 4984 oeeidit
757 4928 828 4998 totu,
1060 4935 1202 5006 insequor
1217 4935 1279 5007 ipse
1290 4934 1393 5006 libros,
1408 4939 1539 5008 dumque
1553 4952 1623 4993 vaeo
1637 4937 1760 5009 studiis,

186 5023 258 5078 Tem
275 5037 361 5094 grave
377 5024 525 5077 mereatus
541 5017 650 5075 milities
661 5018 783 5075 reditus.
1026 5022 1099 5078 Proh
1115 5023 1218 5079 dolori
1238 5023 1372 5079 inrubuit
1388 5022 1460 5080 mihi
1481 5025 1679 5082 lamentabilis
1693 5025 1778 5095 hors,

150 5109 293 5166 Militibus
308 5118 441 5184 superest
452 5125 503 5181 pro
518 5112 601 5164 tanto
618 5107 707 5163 milite
724 5107 870 5178 plsnetns.
1061 5113 1173 5184 Quippe
1187 5111 1355 5186 superuenit
1369 5129 1450 5169 murs
1466 5114 1587 5186 inopius
1603 5115 1688 5171 milri.

185 5199 208 5254 0
224 5199 337 5255 utinum
352 5198 487 5272 lsoryruss
502 5197 656 5271 pruiloisnt
667 5196 772 5254 anime
787 5198 794 5253 i
1025 5201 1095 5257 ures
1111 5202 1166 5257 snb
1182 5201 1236 5258 boe
1251 5201 1364 5258 tumulo
1379 5203 1528 5259 uiueratus
1539 5220 1659 5276 purpure
1674 5222 1783 5275 penso.

148 5288 365 5351 ltsuuauimum
391 5288 512 5344 modicus
541 5302 646 5359 corpus
676 5287 969 5350 committitururnra.
1060 5294 1188 5366 Spiritus
1205 5295 1438 5368 obtineatquam
1451 5297 1691 5357 meruitmslius.

184 5376 309 5447 Spiritus
329 5378 560 5450 inveniriquam
578 5375 686 5433 meruit
697 5376 812 5434 melius.
1024 5380 1069 5436 lde
1085 5390 1181 5437 tamen
1195 5386 1224 5439 ot
1238 5382 1305 5438 fidei
1321 5387 1414 5453 tenor,
1440 5391 1468 5440 et
1480 5385 1625 5441 confessio
1636 5385 1743 5458 culpes,

395 5468 463 5523 item
480 5482 565 5539 super
577 5467 715 5523 eumdem.
1058 5472 1239 5544 Quandoque
1255 5488 1392 5530 ssonrum
1407 5474 1443 5531 ds
1458 5475 1543 5532 venie
1558 5475 1680 5533 isclnut.

38 5618 41 5623 Ι
148 5545 309 5612 Robustum
327 5560 438 5629 pertus,
452 5555 604 5627 nasusque
618 5571 670 5629 per
684 5572 733 5613 ors
743 5556 879 5627 sspillus,
1021 5561 1102 5626 Quod
1116 5565 1214 5619 tamen
1225 5567 1361 5635 exsperto
1374 5563 1482 5637 poterit
1495 5565 1569 5623 mibi
1582 5565 1669 5625 turbs
1683 5564 1851 5642 legentum,
