3788 6000
24 218 60 253 ’·
152 244 232 308 tres
699 233 883 300 annueret
905 229 1104 294 nonensis
1127 233 1311 296 tacetur.
1653 204 1660 215 '
1782 232 1858 297 eun

153 375 253 431 Laxet
267 368 419 433 leueeleri,
436 366 479 424 sol
495 365 545 439 qui
561 365 707 422 suffecerit
727 365 802 433 orbi,
987 364 1014 430 Α
1029 359 1114 419 Plebs
1124 364 1279 435 lpuitene,
1298 363 1391 421 Patris
1413 378 1520 434 cerpus
1547 361 1741 435 complectere
1771 367 1857 436 tenti,

188 460 256 516 Orbi
273 456 459 530 quadrivium
477 455 603 528 peotulit
616 459 646 510 et
660 453 792 510 trivium.
1065 449 1119 514 Qui
1135 453 1187 507 tibi
1203 453 1274 508 vivit
1288 452 1384 508 adbuc
1399 451 1548 522 religionis
1562 452 1644 510 odor.

153 552 190 605 At
201 549 367 604 fortunatus
380 545 435 601 fuit
445 545 537 601 abbas
549 542 758 616 Burgulienue,
1026 537 1120 594 Gallie
1131 541 1284 612 congaude
1295 538 1419 596 Gereldo
1437 555 1523 612 quem
1535 541 1675 611 genuisti,

188 637 241 704 ont
258 636 313 693 sibi
324 636 485 692 (isuardum
501 634 630 691 vindicet
646 634 675 688 iu
692 631 853 705 proprium.
1064 630 1101 683 tc
1117 630 1232 687 cineres
1247 636 1364 687 sanctos
1380 629 1427 686 bic
1442 646 1579 686 venerere
1596 647 1675 687 suos.

32 723 34 726 ’
152 725 320 784 Leusdunie
331 724 412 793 obiit,
429 724 478 780 sed
489 722 560 778 vivit
575 720 772 788 Ruraulienis,
1322 719 1388 776 item
1412 719 1560 776 desudem.

188 815 282 888 thue
293 815 341 871 diu
358 813 435 869 vivut
445 813 505 883 jem
529 813 677 869 redimunt
688 810 832 882 precibus.
1029 803 1125 863 Mente
1141 807 1339 878 columbinus,
1355 808 1409 865 zeli
1425 809 1536 865 fervore
1549 825 1681 876 severus,

156 905 240 961 llunc
255 904 347 976 igitur
360 906 444 959 terren
460 899 580 974 speciali
597 900 717 957 mundet
732 899 851 966 bonore,
1066 895 1200 968 Alioquin
1212 899 1319 969 dulcis,
1337 899 1468 955 moribus
1483 899 1628 971 egregius.

190 992 331 1066 Quisquis
347 992 486 1048 defuneto
497 1005 618 1061 corpore
632 989 715 1044 dives
748 987 812 1043 erit.
1028 990 1211 1060 Pauperibus
1229 990 1402 1064 largus,eibi
1415 992 1774 1064 purcus,froutesereuus,

447 1082 516 1135 llam
529 1078 561 1135 dc
575 1078 680 1135 eodem.
1063 1077 1182 1136 Cunctis
1197 1082 1378 1153 compaciens
1395 1086 1510 1155 pectore
1525 1080 1671 1148 largifluo.

152 1172 308 1239 Uberibus,
324 1170 515 1241 Manegeude,
531 1168 592 1223 tuis
608 1166 736 1222 laetatus
752 1165 868 1222 abunde
1027 1166 1126 1222 abbas
1141 1166 1368 1240 Geralduejecet
1383 1169 1431 1225 bic
1447 1187 1499 1242 pro
1516 1187 1602 1227 cerne
1616 1171 1767 1245 sepultus,

187 1260 330 1331 Tempore
346 1257 499 1330 posterior,
511 1272 584 1328 pene
593 1254 715 1327 legendo
733 1252 812 1325 prior
824 1269 831 1308 ε
1063 1254 1234 1314 Liberauirn
1246 1257 1334 1316 coelos
1345 1258 1464 1331 spiritus
1474 1259 1611 1316 obtinuit.

42 1341 45 1345 ’
153 1352 248 1420 Atque
263 1348 323 1403 tuis
339 1345 454 1402 sinibus
471 1344 636 1404 abstructus
652 1341 729 1398 venit
744 1343 779 1397 ad
790 1342 901 1409 Andos,
1027 1342 1137 1401 Gallica
1148 1345 1230 1417 plebs
1240 1348 1366 1421 genitrix
1380 1346 1458 1420 plebi
1483 1347 1565 1403 dedit
1589 1348 1667 1406 bunc
1688 1350 1851 1423 Aquitanos,

188 1436 286 1493 Ardua
296 1436 443 1493 Gererdus
458 1433 602 1506 planeque
618 1432 696 1488 dicta
711 1447 824 1504 gerens.
1066 1432 1104 1488 Et
1119 1434 1207 1491 silvas
1222 1440 1335 1493 veteres
1353 1436 1522 1508 turdegete
1532 1436 1632 1494 coluit.

153 1525 251 1583 Laude
265 1541 319 1581 rua
334 1525 436 1580 laudes
452 1520 603 1578 Leueduui
618 1519 832 1593 multiplicavit,
1028 1521 1207 1587 enitentem
1224 1530 1317 1592 terra,
1330 1525 1408 1597 genti
1424 1541 1542 1598 quoque
1557 1526 1666 1598 profuit
1681 1526 1736 1595 illi,

187 1616 273 1671 Artes
285 1628 433 1687 exponens
448 1611 653 1668 commoditate
663 1609 727 1666 leri.
1064 1610 1101 1666 Ut
1115 1614 1201 1669 modo
1212 1629 1284 1686 gens
1300 1631 1351 1687 per
1366 1630 1434 1670 euru
1447 1620 1582 1686 terreque
1597 1615 1765 1673 fructificet.

50 1708 53 1715 '
152 1707 236 1758 Hunc
252 1718 369 1775 quoque
387 1700 550 1757 lausdunis
565 1700 669 1755 invidit
683 1698 898 1772 Burgulieneie,
989 1699 1767 1790 Bflssibusbiclocusestdivesdecoretusopimis,

188 1796 220 1847 Et
234 1791 342 1864 quibus
358 1791 459 1847 invidit
474 1789 683 1861 blandiloquus
699 1789 805 1859 repuit.
1064 1788 1156 1845 Prosit
1168 1789 1261 1847 bonor
1277 1792 1391 1864 pupulis
1402 1793 1519 1849 ossibus
1531 1792 1688 1850 exhibitus.

151 1881 217 1938 Jem
229 1897 306 1939 nuuc
322 1881 470 1936 Gerendus
486 1884 585 1953 pauset
603 1895 670 1935 curu
686 1878 881 1949 burguliensi,
1301 1882 1339 1937 De
1354 1882 1449 1938 ecdem
1469 1882 1577 1938 tibtote.

22 1974 25 1979 '
67 2022 70 2027 ,
187 1977 284 2027 Donec
300 1972 458 2026 mandetur
472 1970 610 2025 alteruter
625 1968 758 2025 tumulo:
1029 1964 1310 2025 atbacotumbeuet
1328 1971 1452 2026 maculis
1470 1971 1611 2043 rugisque
1622 1974 1755 2046 remotis,

153 2060 303 2118 Outinsm
324 2077 418 2132 neque
434 2075 512 2115 mors
524 2074 617 2131 neque
633 2057 939 2130 cesueseparetipeos‚
1065 2058 1155 2121 Quem
1167 2059 1265 2116 nocuit
1284 2058 1375 2131 culpae
1391 2059 1473 2115 nulle
1487 2061 1608 2131 nigredo
1620 2078 1692 2119 eure.

190 2149 285 2206 Donec
297 2147 587 2221 nigrescatprimitus
603 2146 757 2203 albusolor
774 2164 780 2203 :
1029 2143 1113 2200 Miles
1129 2150 1162 2201 ut
1175 2147 1315 2204 emeritus
1331 2149 1364 2203 ud
1379 2149 1456 2221 regis
1471 2150 1592 2220 praemia
1607 2155 1723 2223 ruptus,

154 2238 291 2294 Etdonec
308 2240 411 2307 pennis
427 2253 531 2292 corvus
548 2237 630 2308 niger
639 2236 732 2292 evolet
747 2236 833 2306 albis,
1064 2234 1191 2305 Spiritus
1211 2236 1322 2293 abbatis
1336 2237 1463 2294 vindicat
1477 2248 1555 2295 estre
1566 2238 1633 2295 sibi.

192 2326 379 2381 lausdunum
396 2325 504 2380 refluus
520 2325 612 2380 donec
623 2329 670 2380 eat
684 2324 795 2396 Ligeris
811 2350 819 2393 ;
1028 2323 1125 2394 Atqui
1139 2324 1174 2380 de
1190 2326 1348 2384 terracinis
1363 2331 1408 2383 eet
1416 2328 1571 2400 adiunctus
1587 2329 1692 2398 eidem,

150 2417 185 2470 ut
200 2414 292 2470 donec
305 2413 434 2485 querula
450 2413 557 2469 sileant
568 2413 741 2485 valeantque
752 2413 869 2482 cicadae,
1065 2411 1124 2467 Hae
1138 2415 1297 2484 requiescit
1311 2415 1398 2472 bume
1412 2417 1478 2488 jure
1489 2422 1609 2474 vocatus
1627 2417 1726 2475 bomo.

189 2502 223 2559 llt
239 2507 342 2558 noceat
353 2501 468 2558 senium
484 2501 545 2557 eive
558 2500 642 2557 dolor
657 2509 801 2558 neutrum.
1028 2499 1082 2554 Hie
1098 2501 1193 2558 natale
1206 2501 1313 2573 solum,
1331 2506 1405 2577 quod
1421 2510 1483 2562 eret
1495 2506 1550 2562 sibi
1562 2506 1684 2565 licencia
1709 2509 1814 2579 dulcis,

331 2589 369 2644 Ad
385 2589 507 2646 eumdem
523 2595 554 2644 ct
582 2589 731 2645 menuctus
745 2590 803 2660 fiet.
1065 2588 1145 2645 Ultro
1159 2592 1372 2665 deseruitpons
1387 2610 1514 2668 sequens
1529 2595 1689 2652 Abrabam.

1031 2675 1116 2733 Silvae
1139 2681 1259 2752 Majcris
1284 2684 1393 2754 probus
1415 2683 1523 2756 hospes
1547 2689 1576 2741 et
1607 2684 1704 2742 incole
1729 2686 1849 2759 primus.

154 2769 219 2840 lpse
235 2767 331 2823 locum
348 2768 414 2825 novi
429 2767 480 2840 qui
492 2767 614 2824 floridus
629 2767 688 2823 otia
701 2766 807 2841 gignit,
1064 2767 1122 2825 llos
1138 2771 1234 2827 tenuit
1250 2771 1342 2829 saltus
1359 2771 1544 2845 excoluitque
1559 2773 1628 2830 Deo.

45 2918 50 2927 ι
158 2855 261 2912 Libros
276 2861 306 2913 et
320 2861 414 2913 curtas
425 2860 453 2913 et
466 2861 572 2912 cuncta
580 2856 769 2912 studentibus
785 2860 862 2930 epte.
1030 2854 1153 2914 Nomine
1165 2858 1507 2919 Geraldusvirstrcnuue
1518 2863 1578 2919 ulte
1592 2862 1696 2932 sitivit,

153 2945 308 3017 burgulius
322 2945 403 3002 locus
413 2950 467 3016 est,
483 2951 512 3002 ct
523 2945 642 3002 Cambio
658 2944 768 3002 dicitur
781 2945 878 3003 amnis
1064 2947 1116 3002 ilic
1132 2953 1236 3020 pauset
1251 2951 1488 3022 corpusspiritus
1504 2951 1563 3008 elta
1576 2958 1666 3010 tenet.

152 3032 286 3091 Flumine
302 3040 442 3107 perpetuo
454 3035 505 3107 qui
522 3035 630 3091 vitreus
645 3034 749 3107 irriget
763 3033 875 3106 hortos,
1310 3032 1448 3088 reconem
1471 3033 1577 3089 nbtcte.

151 3124 269 3198 Hocque
282 3125 345 3183 leco
358 3126 441 3183 locus
456 3130 529 3182 esta
544 3125 640 3182 turbis
656 3141 730 3197 pene
741 3136 870 3183 remotus
990 3088 1016 3155 G
1033 3116 1166 3172 Prudens
1183 3122 1214 3173 υἱ
1242 3135 1373 3191 willens,
1389 3121 1513 3194 Slmlssfx
1538 3120 1661 3178 Gefaldfl
1676 3124 1821 3196 ⁰⁰¹Umbb

149 3213 203 3278 Oui
219 3218 297 3272 tutet
313 3216 416 3271 fratres
431 3233 448 3270 e
461 3213 656 3270 sollicitudine
669 3214 781 3281 muudi,
1068 3205 1224 3278 Angelicus
1237 3208 1342 3280 speeie,
1359 3218 1460 3281 gratus
1474 3209 1536 3265 olor
1551 3211 1655 3282 cepite.

150 3303 186 3357 'at
198 3302 274 3359 fovet
290 3303 320 3358 tn
336 3302 447 3374 gremio
458 3302 614 3358 dieiturnoe
628 3303 708 3374 pects
729 3303 866 3360 atumnae.
1031 3294 1080 3350 vu
1095 3295 1139 3350 teo
1153 3295 1285 3364 zelando,
1302 3299 1527 3372 supptexegnus
1539 3299 1688 3371 patiendo.

151 3390 239 3447 Prete
253 3392 447 3463 virentjuxta‚
474 3392 581 3461 quibus
606 3396 650 3446 est
685 3393 868 3449 contermina
902 3393 975 3451 silva
1068 3383 1156 3450 Μῑῑῑῦ,
1169 3390 1355 3455 mensuetus,
1368 3387 1509 3460 Γθῖῑεῑῠῠθ
1520 3387 1640 3461 probufl·

65 3526 68 3531 ,
151 3477 234 3534 lluue
249 3484 337 3547 emat,
353 3479 431 3534 bunc
448 3479 715 3551 redimatquisquis
730 3481 838 3551 probus
861 3498 925 3538 esse
935 3483 975 3540 le·
1030 3471 1109 3529 Ηᾶὓῦ
1121 3472 1170 3528 ubi
1186 3474 1284 3530 divino
1300 3474 1441 3532 d⁰m⁰i⁸il
1452 3480 1699 3546 foffleffliefffimv

880 3570 975 3642 [horat
1063 3564 1105 3619 Ad
1117 3568 1144 3620 te
1156 3563 1285 3621 collectis
1302 3566 1442 3623 iratribus
1456 3568 1620 3625 innumeris
1634 3586 1641 3624 :

322 3655 413 3723 Super
427 3655 549 3712 ebtcoern
569 3655 656 3714 Sifvoe
671 3657 801 3726 Majoris.
1028 3649 1157 3708 Tandem
1186 3655 1351 3711 communis
1389 3661 1540 3713 contactus
1573 3657 1702 3730 imagine
1742 3661 1845 3728 mortis,

149 3743 222 3801 Cum
238 3758 291 3815 pru
301 3744 449 3801 defunctis
464 3744 577 3800 soleant
589 3761 671 3801 orere
687 3744 799 3816 fideles,
1062 3742 1120 3797 Des
1131 3742 1259 3799 animem
1272 3743 1354 3812 coelo,
1370 3746 1501 3801 membra
1520 3745 1574 3802 soli
1585 3748 1707 3819 gremio.

184 3837 298 3905 Proque
313 3834 369 3890 eibi
385 3835 461 3891 caris
473 3840 644 3907 perpetuent
670 3835 828 3909 lacrymas.
1027 3830 1083 3886 Ore
1095 3848 1145 3903 pro
1161 3832 1392 3902 uobis‚Gerelde‚
1411 3839 1494 3890 Pater
1506 3837 1674 3893 reverende.

151 3926 207 3979 Pro
219 3928 300 3996 petre
314 3924 437 3982 Gereldo
450 3923 523 3980 nibil
539 3928 584 3981 est
597 3925 751 3998 utriusque
764 3944 892 3998 necesse,
1061 3918 1124 3975 N0⁰
1136 3935 1209 3991 Opus
1224 3924 1269 3977 tsi
1285 3938 1336 3992 pro
1351 3926 1379 3977 ie
1391 3939 1445 3978 11⁰³
1455 3921 1534 3977 eliud
1550 3927 1660 3994 petere·

183 4013 239 4080 Oui
254 4013 316 4070 omli
333 4014 404 4071 civis
420 4013 515 4071 incole
525 4014 595 4070 vixit
604 4015 697 4071 humi.
1132 4009 1283 4066 Audeberto
1297 4010 1516 4067 Cenomnuuensr'
1525 4010 1738 4070 archidiacono.

146 4101 252 4156 Silvam
259 4103 397 4174 Majorem
414 4102 568 4160 monacbis
583 4104 766 4176 Dominoque
781 4106 898 4175 dicavit,
1025 4097 1135 4154 G⁰ss⁸00
1147 4097 1268 4155 fumosis
1283 4104 1312 4154 fe
1334 4099 1452 4155 tutibus
1484 4099 1743 4172 equipercndum.

179 4188 267 4244 Exsul
279 4194 383 4262 sponte
395 4207 450 4246 sua
465 4190 574 4247 finibus
588 4207 606 4248 a
618 4192 731 4264 patriis,
1024 4183 1162 4249 Quamvis
1173 4185 1328 4256 praenitens
1338 4202 1378 4254 re,
1391 4185 1605 4254 fumantibus
1626 4188 1714 4262 ipsis,

146 4274 268 4334 Francia
283 4276 389 4334 natalis
400 4279 455 4335 eibi
472 4279 595 4348 sorduit,
612 4279 744 4352 hancque
760 4279 888 4354 reliquit,
1024 4272 1081 4329 Νθθ
1096 4277 1127 4329 ὶῦ
1142 4274 1287 4330 diffidetis
1302 4291 1318 4331 e
1333 4275 1540 4332 commoditate
1554 4278 1693 4336 Metonis.

181 4363 334 4423 silvestres
349 4367 441 4425 saltur
456 4368 623 4440 Burdogalae
638 4369 767 4425 veniens,
1024 4360 1064 4417 De
1079 4363 1254 4434 berengerio
1271 4363 1435 4420 'furonensi
1452 4381 1545 4435 penca
1557 4363 1684 4438 locutus,

146 4453 276 4513 Pullulat
289 4471 356 4514 ecee
372 4456 438 4530 pelo
459 4455 687 4514 silvestristerre
699 4458 829 4527 colonos,
985 4451 1009 4516 D
1025 4452 1062 4505 13⁸
1079 4451 1163 4506 nobit
1174 4450 1264 4516 Visus,
1278 4451 1334 4508 nisi
1351 4451 1446 4526 fallor,
1462 4470 1587 4526 magnus
1603 4455 1761 4514 Homerus.

76 4582 83 4591 -
180 4547 248 4613 Qua
264 4562 314 4619 per
329 4546 486 4603 Geraldum
502 4546 778 4619 floruitagricolem.
1216 4539 1256 4595 Ad
1266 4539 1375 4598 comitis
1391 4542 1524 4616 Stephani
1537 4546 1667 4614 fratrem.

145 4632 189 4689 En
205 4633 275 4691 felix
290 4637 389 4692 anima
403 4636 469 4693 emti
482 4634 594 4692 teratur
604 4635 719 4704 inputa,
1025 4627 1182 4700 Lampadie
1196 4644 1239 4692 ce,
1251 4628 1395 4703 Philippo,
1411 4632 1486 4704 vele,
1504 4632 1694 4705 puerindolis
1707 4635 1784 4705 alte,

177 4724 266 4781 Artue
282 4725 329 4782 hie
345 4724 434 4797 positi
450 4723 596 4782 laettficenr
611 4723 747 4797 populos.
1061 4722 1119 4773 bur
1130 4716 1199 4773 olim
1216 4718 1284 4774 cleri
1295 4717 1374 4776 olere
1385 4720 1511 4788 futurus,
1528 4737 1588 4777 ave.

431 4816 498 4871 trem
526 4815 559 4871 e'e
575 4814 681 4871 eodem,
1025 4806 1069 4862 lle
1085 4806 1135 4861 tibi
1147 4822 1233 4879 quem
1245 4809 1361 4880 prefert
1371 4810 1481 4882 gradus
1497 4814 1525 4866 et
1537 4811 1700 4881 provectior
1715 4817 1797 4882 etas,

141 4901 225 4959 silves
236 4901 356 4974 majoris
364 4903 445 4975 J'ecet
456 4902 503 4959 bic
519 4903 726 4961 sanctissimus
737 4904 838 4972 abbas,
1059 4898 1098 4953 Ad
1110 4903 1139 4954 ie
1149 4899 1300 4972 compellit
1311 4901 1438 4958 scribere
1450 4902 1532 4959 selus
1549 4920 1638 4960 emor.

179 4992 325 5049 Abbatuvn
340 4993 491 5066 splendor,
507 4998 536 5049 et
547 4992 709 5049 monachile
726 4994 824 5049 decus.
1023 4987 1125 5045 Scribo
1142 4988 1223 5060 quod
1239 5005 1329 5061 puero
1344 4992 1475 5064 surgenti
1486 4993 1601 5065 profore
1617 4994 1722 5065 possit.

141 5081 292 5138 lliceilvas
308 5083 409 5149 coluit,
425 5083 600 5155 Christoque
613 5081 727 5139 novelle
746 5083 823 5150 fecit,
1058 5079 1199 5149 Quodque
1210 5077 1272 5134 dies
1287 5083 1404 5136 nostros
1421 5082 1559 5153 quodque
1583 5082 1709 5154 gradum
1738 5086 1846 5143 deceat.

182 5170 216 5227 llt
228 5172 362 5228 saliunca
372 5188 479 5239 rosam,
492 5188 579 5244 poma
591 5170 663 5228 salix
677 5176 804 5244 generet.
1021 5169 1064 5224 'l'u
1081 5168 1157 5239 quod
1173 5167 1254 5223 cudit
1269 5184 1362 5236 emor,
1379 5171 1459 5242 quod
1470 5171 1638 5227 amicimcre
1654 5172 1801 5245 paciscor,

144 5260 201 5316 lete
216 5257 299 5317 loeus
310 5262 435 5332 primurn
451 5260 595 5317 silvestris
607 5265 636 5317 et
652 5260 853 5332 efferabitur,
1055 5257 1101 5311 Sic
1113 5260 1145 5311 ut
1158 5256 1270 5312 arnicas
1286 5257 1370 5326 bubo,
1388 5257 1468 5316 solus
1484 5260 1617 5316 babendo
1629 5259 1703 5333 lege.

175 5347 273 5420 lpeius
284 5349 426 5422 exemplis
441 5353 485 5406 eet
496 5349 581 5406 modu
599 5354 683 5422 porte
704 5349 772 5422 poli.
1019 5348 1051 5403 ln
1066 5345 1159 5401 triviis
1175 5344 1319 5415 siquidem
1337 5347 1402 5403 nolo
1419 5364 1483 5405 mea
1495 5349 1571 5405 dieta
1585 5355 1743 5424 regentur,

140 5433 192 5491 Vir
208 5439 275 5494 ceni
287 5439 454 5512 cepitis,vir
467 5440 603 5510 perfecte
618 5440 788 5513 probitatis,
1054 5435 1146 5491 Nemo
1163 5433 1219 5490 uisi
1230 5435 1330 5493 infelix
1340 5438 1448 5495 invidia
1465 5440 1570 5496 ceruit.

178 5519 322 5583 Craterum
334 5527 404 5584 civis
419 5527 538 5583 dormiit
553 5527 582 5582 in
598 5527 732 5585 Domino.
1017 5521 1101 5579 Sicut
1115 5520 1250 5578 nobilitet
1263 5526 1291 5578 te
1305 5521 1545 5597 lineesanguiuie
1560 5523 1623 5593 alti,
