3788 6000
32 208 38 215 ’
85 221 145 286 sse
665 219 810 282 cesus
831 216 1051 279 concussis
1072 213 1284 279 eunomus.
1729 214 1790 276 sea

89 360 188 416 raonis
203 359 290 415 conlo
305 357 422 413 illorum
439 357 595 413 indurante
613 356 734 412 Domino
750 353 906 420 ultionum;
926 354 1030 421 Adam
1048 357 1076 411 in
1095 360 1264 426 perpetuam
1281 370 1413 427 premere
1437 353 1604 411 servitutem
1621 355 1792 422 advertens,

89 448 248 505 novissime
263 449 347 504 onius
362 447 487 504 duorum
506 447 580 520 porti
605 447 732 502 adversa
747 444 909 502 obtulimus
965 446 1155 518 temen,qood
1173 444 1278 500 melius
1290 445 1329 500 sit
1344 445 1453 501 bouum
1467 444 1594 500 vicinum
1608 445 1793 502 baberecon·

91 539 250 611 optionem,
268 543 299 593 ut
312 536 445 593 videlicet
459 537 502 592 vel
520 535 569 592 ille
585 536 668 592 nobis
682 536 911 607 cederet,quate·
966 533 1795 607 cordem‚quamsuperareetenterminarerebellempen-

91 645 147 684 nus
158 629 193 684 ad
205 629 337 684 eamdem
355 628 474 700 gerendi
490 626 557 682 belli
573 643 662 683 causa
674 626 795 682 transire
812 641 910 698 posse·
967 631 1067 683 sentes
1080 624 1168 680 etiarn
1185 627 1319 693 quoniam
1334 623 1492 695 imperator
1506 623 1716 679 Constantinus
1727 623 1766 678 sit
1782 641 1790 680 :

1 751 3 764 ι
91 733 172 788 mus,
187 718 232 774 vel
248 735 302 774 noa
324 718 352 772 id
378 717 454 790 parti
477 718 604 773 adverse
628 717 865 773 concederemus.
890 715 911 770 u
968 735 984 767 e
999 714 1107 771 Crebro
1120 714 1275 770 suaviores
1291 713 1364 768 liunt
1383 712 1517 768 amicitia
1534 716 1602 783 post
1622 711 1794 769 inimicitia-

6 866 9 871 ,
92 807 200 879 quibus
220 806 367 877 disjuncte
395 806 665 878 pertibusaltereni
695 821 763 877 pers
791 804 913 859 adversa
972 802 1796 875 erumcausasadconcordiemrestitutae,»cumprin.

92 895 225 966 elegit,ut
235 895 369 951 videlicet
384 910 437 952 nos
447 895 619 949 cederemus
637 898 665 948 et
675 896 774 948 nostre
783 892 914 948 cessione
971 894 1123 966 cipibuset
1135 891 1275 964 proximis
1287 891 1337 947 alti
1347 891 1501 965 sangoinis
1513 891 1705 960 nostri,dictis
1714 891 1795 948 scili-

94 985 205 1041 eisdem
224 982 320 1040 locum
335 982 508 1040 transeundi
522 983 670 1038 daremus.
687 982 721 1038 at
736 989 769 1037 ot
785 981 813 1036 id
828 997 915 1052 posse
974 988 1020 1041 cet
1034 982 1166 1056 [legaris
1180 981 1298 1055 regibus
1313 987 1342 1037 et
1355 980 1476 1036 domina
1491 980 1591 1053 regino
1605 981 1679 1054 (334)
1706 988 1733 1038 et
1745 984 1796 1054 ju·

95 1074 159 1132 ilari
174 1073 322 1130 videretur
336 1072 439 1145 quovis
453 1071 664 1145 impedimento
680 1074 823 1136 cessante,
844 1070 915 1125 dicti
971 1088 1043 1128 vene
1057 1087 1124 1144 rege
1140 1070 1204 1128 Belo
1218 1071 1304 1142 (335),
1330 1070 1493 1126 secundum
1518 1070 1644 1127 oblatam
1669 1071 1755 1128 nobis
1781 1089 1798 1129 a

40 1150 42 1155 ¹
94 1179 178 1237 reges
193 1167 334 1219 eteorum
349 1160 418 1216 beni
433 1165 462 1217 et
476 1159 598 1216 comites
613 1164 731 1233 treugas
741 1159 915 1216 constitutas
973 1178 1079 1235 magno
1095 1163 1201 1221 comite
1216 1160 1348 1217 ltulando
1363 1164 1392 1216 et
1402 1159 1526 1217 Posonio
1541 1160 1675 1227 formam,
1687 1161 1794 1218 malui·

93 1258 126 1311 et
139 1253 203 1309 suis
214 1249 389 1324 juramentis
405 1249 536 1306 firmatas
552 1265 603 1322 per
616 1253 713 1306 totum
732 1248 809 1305 diem
825 1249 916 1304 beate
973 1270 1041 1311 mus
1057 1252 1138 1326 peois
1153 1252 1261 1308 ioedera
1277 1250 1536 1323 reformare,quam
1551 1253 1694 1309 vastando
1709 1252 1794 1307 etde·

94 1342 264 1414 Margareto
281 1342 388 1396 testum
404 1339 474 1408 (lul.
497 1340 539 1410 12)
555 1339 686 1412 proximo
706 1338 916 1411 precedentem
973 1342 1114 1399 bilitando
1138 1357 1278 1413 magnum
1305 1339 1438 1412 Ungariae
1461 1355 1585 1413 regnum
1610 1341 1645 1396 ed
1670 1340 1748 1398 idem
1765 1346 1793 1397 et

96 1436 126 1488 et
137 1430 318 1487 medietatem
334 1428 429 1500 ipsius
446 1429 510 1484 testi
525 1428 580 1484 diei
611 1428 682 1500 (tut-
701 1427 744 1499 13)
760 1427 845 1483 nobis
861 1442 919 1482 me·
974 1431 1067 1488 nostri
1083 1435 1177 1486 terras
1192 1428 1315 1485 dominii
1332 1428 1448 1485 'letaris
1463 1429 1576 1486 aditum
1593 1430 1714 1502 aperire.
1726 1430 1798 1486 Pro·

97 1519 248 1576 diantibus
263 1518 375 1575 idoneis
392 1517 506 1575 nunciis
531 1517 717 1574 remiserunt.
735 1516 844 1573 Verum
859 1515 918 1571 hii·
975 1521 1080 1574 notatis
1095 1518 1195 1590 itaque
1207 1516 1429 1589 compositionis
1446 1516 1566 1573 termam
1592 1519 1796 1590 predictorum

98 1610 162 1668 dem
179 1626 233 1665 soa
247 1612 332 1682 pacta
346 1613 374 1664 et
385 1609 554 1679 juramenta
568 1605 647 1662 soliti
662 1606 920 1678 violare,pervada
975 1623 1089 1681 regum,
1105 1606 1257 1680 reginensi
1272 1605 1353 1662 ducis
1369 1604 1442 1662 Belo
1458 1605 1562 1680 sigillis
1577 1607 1723 1680 signatam
1735 1624 1800 1664 ves·

97 1696 314 1755 inventuetsibi
326 1701 424 1769 aptate
434 1696 504 1752 olim
518 1702 605 1753 noctu
620 1696 655 1752 ed
668 1700 796 1753 nostram
808 1705 919 1768 partem
936 1723 959 1788 Β
975 1702 1020 1754 tro
1035 1695 1212 1771 apostolatui
1227 1694 1470 1763 transmittentes,
1492 1694 1665 1767 suppliciter
1680 1697 1799 1769 potinus

99 1803 163 1844 cum
180 1787 260 1843 omni
277 1803 330 1842 suo
345 1786 472 1842 exercitu
489 1786 721 1842 transierunt.Et
736 1801 802 1840 eum
816 1784 922 1841 dicere·
975 1787 1097 1845 eaodem
1114 1803 1131 1841 a
1146 1785 1215 1841 sede
1230 1784 1391 1857 apostolica
1420 1784 1599 1854 confirmari,
1615 1789 1644 1841 et
1658 1798 1690 1841 ut
1705 1801 1799 1857 opera

98 1893 165 1934 urus
181 1893 188 1934 ε
204 1897 215 1928 e
235 1880 331 1932 Paret
342 1876 496 1933 securitesl
514 1897 529 1926 »
541 1875 638 1932 subite
650 1890 718 1930 cum
732 1873 921 1930 inenarrabili
976 1875 1102 1950 pretium
1118 1877 1170 1943 esi,
1191 1872 1350 1946 apostolico
1373 1873 1401 1928 in
1426 1890 1519 1929 evum
1542 1873 1702 1946 patrocinio
1717 1892 1799 1932 com·

98 1965 286 2023 multitudino
297 1970 397 2022 contra
413 1981 466 2021 uos
483 1964 646 2035 inprovisos
677 1967 875 2036 apparuerunt
890 1963 920 2019 in
976 1964 1085 2022 muniri
1101 1964 1185 2036 (333).
1203 1983 1216 2015 s

97 2068 197 2127 campo
212 2054 298 2127 (332).
314 2055 349 2109 ut
363 2071 429 2111 curn
446 2053 475 2109 iu
492 2070 542 2125 spe
560 2059 730 2126 treugarum
745 2051 792 2108 vix
808 2052 922 2109 decima
1011 2054 1114 2126 itaque
1130 2053 1194 2109 talis
1222 2068 1254 2108 ae
1279 2056 1361 2108 teote
1384 2053 1505 2109 victoris
1528 2053 1616 2126 digne
1629 2052 1683 2109 soli
1700 2057 1757 2110 Deo
1772 2057 1801 2110 et

99 2160 167 2216 pars
181 2145 274 2199 nostri
289 2143 436 2199 exercitus
446 2158 534 2216 penes
546 2158 598 2198 oos
611 2159 663 2213 pro
675 2146 780 2198 nostre
790 2158 921 2213 persono
976 2142 1086 2200 sanctis
1102 2143 1165 2213 elus
1181 2145 1305 2198 osteum
1321 2141 1476 2214 condignis
1497 2142 1659 2214 gratiarum
1676 2142 1798 2200 actioni·

22 2251 25 2256 ·
99 2230 238 2288 custodia
252 2230 452 2299 remansisset,
470 2246 502 2287 eo
527 2231 604 2301 quod
621 2229 721 2302 plures
749 2231 785 2286 de
814 2230 921 2286 nostris
975 2233 1032 2289 bos
1048 2241 1076 2287 et
1091 2230 1229 2287 laudibus
1246 2230 1512 2301 ascribende,quod
1528 2231 1663 2287 etiamen
1678 2231 1800 2304 quibus·

100 2319 226 2376 transito
243 2320 375 2375 Danubio
389 2319 528 2391 oppidum
554 2318 704 2374 Hemburlr
727 2318 921 2387 intraverunt,
977 2323 1043 2379 dam
1060 2321 1286 2378 revelationibus
1299 2321 1517 2394 comprobetur.
1532 2321 1684 2393 Siquidem
1696 2340 1713 2379 a
1725 2322 1802 2378 mul·

101 2408 151 2464 alii
166 2425 231 2465 vero
246 2424 314 2464 cum
324 2408 459 2464 curribus
471 2407 683 2463 descenderant
694 2407 729 2463 ad
746 2406 885 2463 stationes
895 2413 924 2462 et
976 2412 1014 2467 tis
1030 2411 1131 2480 fertur,
1149 2410 1227 2482 qood
1243 2410 1360 2482 quidam
1375 2411 1441 2479 viri,
1459 2411 1507 2482 qui
1524 2414 1635 2482 otergo
1653 2411 1689 2467 ad
1704 2417 1806 2468 custo·

102 2496 449 2567 loeeoastrorum,hostea
460 2497 551 2552 nostri
563 2497 665 2551 fraude
674 2495 788 2567 pleuiio
801 2496 921 2552 modum
976 2501 1055 2558 diam
1071 2499 1213 2557 exercitos
1235 2501 1349 2556 tuerent
1365 2500 1507 2572 deputati,
1518 2500 1692 2558 imminente
1704 2500 1804 2572 prelio

102 2585 279 2643 semicirculi
293 2602 344 2658 per
358 2586 508 2641 ordinatas
530 2585 606 2641 ecies
622 2601 675 2640 nos
688 2585 848 2656 cingentes,
866 2583 922 2640 nisi
976 2590 1104 2646 referunt
1119 2606 1149 2646 se
1164 2589 1270 2645 vidisse
1291 2590 1438 2662 quandem
1463 2606 1544 2646 nvem
1560 2590 1591 2646 in
1615 2589 1802 2648 lineamentis

103 2676 244 2733 Dominus
255 2675 485 2747 adjuvissemus
495 2674 703 2730 vivosiorsilen
715 2674 921 2745 deglutissent.
977 2679 1149 2735 admodum
1175 2679 1278 2751 equile
1304 2680 1469 2752 ligurotam,
1494 2679 1545 2735 sed
1569 2679 1600 2735 in
1625 2679 1720 2736 coiere
1737 2681 1803 2738 nise

104 2765 197 2839 Igitur
207 2765 236 2821 in
247 2769 306 2821 tam
318 2763 478 2821 inevitabili
489 2763 672 2821 necessitatis
684 2762 806 2820 articulo
817 2763 923 2819 consti·
977 2770 1187 2839 candidiorem,
1204 2769 1361 2826 habentem
1386 2785 1506 2826 aureum
1531 2772 1619 2841 capnt
1644 2774 1672 2825 st
1686 2769 1803 2843 nnllam,

101 2855 169 2925 tuti,
184 2855 364 2911 attendentes
380 2857 549 2926 potestatem
566 2869 631 2909 esse
646 2853 835 2922 coeleslem,et
848 2869 923 2925 qoo-
976 2860 1114 2918 vexillum
1130 2859 1207 2918 beati
1223 2858 1384 2917 wenceslai
1403 2860 1553 2932 quondam
1570 2860 1665 2925 ducis,
1682 2877 1801 2932 semper

32 2956 37 2963 ’
101 2944 184 3002 niam
194 2960 251 3001 non
263 2942 453 3000 multitudine
464 2942 607 2999 exercitus
617 2943 667 3000 sed
679 2943 714 2999 de
725 2941 795 2998 ooelo
805 2942 924 2999 victoria
976 2968 1044 3009 vcro
1056 2951 1170 3022 patroni
1185 2950 1393 3021 nummorum,
1410 2948 1511 3023 inclyti
1526 2950 1674 3023 martyris,
1686 2951 1802 3025 iosrpa.

101 3033 187 3091 detur
203 3048 324 3090 munere
339 3032 436 3103 magni
451 3031 611 3099 licitatum
628 3031 655 3087 in
672 3031 817 3103 adjutorio
832 3031 923 3088 Altis·
979 3039 1111 3096 rabiliter
1122 3043 1345 3113 prosequentem
1359 3059 1367 3110 ς
1383 3056 1447 3111 qna
1463 3039 1573 3110 passim
1597 3039 1660 3094 visa
1674 3044 1730 3109 est,
1747 3041 1803 3097 eis·

102 3127 170 3186 simi
185 3141 267 3200 spem
284 3129 555 3198 ponentes,nostros
568 3123 717 3197 adjutores
732 3126 760 3180 et
778 3122 922 3180 commili·
978 3130 1042 3187 dnm
1059 3130 1278 3203 creseere,qoed
1290 3129 1428 3201 usquead
1439 3145 1567 3201 pugnarn
1580 3130 1799 3201 procedentem;

101 3221 184 3275 tenes
195 3214 332 3288 primitus
343 3214 531 3280 edhortati‚in
541 3213 923 3285 plurimosadsersariorum
977 3220 1147 3276 universum
1162 3234 1284 3289 corpore
1300 3223 1327 3275 et
1343 3218 1452 3290 plumis
1478 3218 1628 3291 cooperuit
1643 3219 1801 3277 exercitum

99 3321 219 3374 ⁰⁰⁰2⁰⁸2
236 3304 303 3359 dlii&
319 3302 403 3360 ¹¹0bl⁸
416 3303 451 3358 (¹⁸
467 3303 538 3358 ⁰oe¹0
552 3303 669 3369 fiducias
681 3302 822 3357 irruimus
833 3300 925 3357 confi·
976 3306 1180 3363 christianum.
1198 3308 1307 3363 llodem
1321 3307 1409 3363 etiem
1427 3307 1472 3363 die
1487 3308 1532 3362 vir
1547 3306 1654 3363 nobilis
1668 3311 1697 3365 et
1711 3307 1800 3364 devo·

100 3395 292 3458 denter-Quos
309 3393 383 3447 unus
400 3407 450 3461 ner
464 3406 568 3447 manus
583 3395 698 3446 nostras
713 3394 742 3445 et
757 3394 924 3446 nostrorum
976 3400 1023 3453 tus
1038 3400 1067 3451 ei
1081 3397 1259 3453 omnimodis
1272 3397 1330 3452 nna
1341 3397 1448 3469 dignus
1463 3397 1610 3453 sollennes
1622 3397 1802 3462 nitescens

103 3483 193 3538 imrno
208 3496 328 3537 suorum
346 3480 472 3535 militum
489 3479 627 3534 exterruit
642 3484 670 3534 et
686 3478 842 3551 prostravit
856 3478 924 3533 etin
975 3486 1130 3556 swoyslai,
1150 3503 1218 3542 oum
1245 3487 1274 3541 in
1299 3488 1385 3542 domo
1407 3487 1521 3557 propria
1544 3491 1707 3559 aegrotarni,
1723 3488 1800 3543 circa

106 3571 204 3644 iugem
220 3569 373 3637 convertit,
391 3568 478 3624 itaut
499 3567 679 3640 fugientibus
694 3582 761 3622 cum
777 3566 926 3637 impetuet
976 3575 1079 3631 horam
1099 3575 1215 3631 tertiam
1232 3574 1305 3631 vidit
1326 3575 1355 3630 in
1379 3575 1469 3631 (qnasi
1494 3592 1525 3631 20
1550 3575 1634 3648 quasi
1650 3575 1679 3631 jn
1695 3593 1799 3647 campo

103 3654 926 3727 abnelnvlcemcomprimentibusdiclusfluvlualiloruwa
976 3664 1226 3722 nectaminisnum
1253 3665 1379 3721 exercitu
1408 3680 1460 3720 suo
1487 3665 1689 3721 constitutum,
1706 3667 1798 3731 Quem

98 3748 186 3821 1¹⁰le
199 3746 244 3802 sui
260 3745 380 3818 lltaeffittl
398 3744 525 3800 1¹0ffll⁰l⁸
539 3743 924 3816 Olhlffl⁰l⁰ssi⁸msl³⁰qu³m
976 3769 1043 3809 cum
1059 3759 1191 3810 cerneret
1205 3771 1270 3811 esse
1284 3752 1430 3810 modicum
1445 3757 1474 3809 et
1489 3754 1699 3822 inordinatum,
1709 3755 1798 3811 simul

103 3851 184 3892 mm
199 3833 331 3890 Rubrum
345 3834 491 3905 AEgiptiis,
508 3831 598 3889 milli⁰
614 3849 758 3889 ⁰ae³⁰l⁰¹1¹
780 3832 925 3904 fflssuine
975 3842 1192 3914 viditpatronos
1203 3843 1347 3900 bohemia
1358 3842 1502 3912 gloriosos
1516 3844 1551 3899 ed
1564 3843 1710 3916 quendem
1723 3861 1801 3901 cam·

104 3926 380 3995 rubricatus,tnctus
392 3925 434 3980 sio
449 3925 478 3980 io
492 3940 523 3981 se
539 3923 701 3980 submersis
716 3930 744 3980 et
755 3924 925 3980 intereunti·
976 3947 1046 4003 pum
1062 3929 1194 3986 lucidum
1220 3930 1271 3987 teli
1295 3931 1398 3987 ordine
1420 3931 1610 4001 procedentes
1635 3947 1642 3987 τ
1667 3933 1796 4003 primurn

16 4038 19 4043 ·
103 4019 158 4073 bus
173 4016 276 4073 mortis
292 4015 337 4070 viu
352 4016 438 4086 (333).
455 4014 604 4087 Siquidem
621 4015 650 4069 in
666 4015 767 4070 eodem
784 4014 925 4069 fluviolu·
976 4020 1120 4091 conspicit
1135 4020 1515 4091 procedentemzsenotum
1535 4019 1740 4077 wenceslaum
1755 4022 1799 4078 lo·

102 4106 245 4177 gientium
262 4102 365 4159 aiacis
381 4103 427 4158 Dei
443 4109 626 4175 peccatorum
639 4109 719 4158 tante
731 4101 925 4174 periitmulti-
976 4106 1036 4162 rica
1051 4107 1200 4176 indutum,
1224 4107 1378 4164 habentem
1406 4107 1516 4179 galeam
1538 4124 1621 4164 suom
1647 4109 1677 4164 in
1693 4111 1800 4181 capite,

101 4193 262 4265 tudo‚quod
270 4208 322 4264 per
332 4197 472 4247 celavere
484 4190 637 4246 bominum
650 4197 827 4262 ethoorum
839 4190 924 4262 quasi
976 4199 1137 4267 gestantem
1149 4195 1281 4267 gladium
1295 4212 1382 4252 suum
1395 4196 1424 4252 io
1435 4196 1539 4267 vagina
1552 4213 1622 4254 auro
1634 4202 1662 4253 et
1672 4200 1799 4271 geminis

103 4296 154 4353 per
168 4282 259 4336 tectos
272 4283 375 4351 pontes
387 4278 520 4334 nonnulli
531 4295 566 4334 err
578 4279 683 4333 nostris
693 4279 923 4335 adversariorum
975 4288 1076 4339 ornate
1093 4286 1149 4340 snb
1164 4283 1272 4340 ascella
1293 4285 1425 4351 sinistre,
1450 4285 1480 4339 in
1505 4285 1606 4340 dextra
1625 4301 1692 4342 vero
1711 4305 1800 4344 niano

102 4381 194 4425 cestra
209 4369 363 4434 intrarent,
379 4375 407 4434 et
421 4372 599 4439 occupantes
624 4384 739 4436 currus,
755 4368 881 4423 tentoria
897 4373 926 4424 et
977 4371 1127 4442 proprium
1144 4370 1278 4427 vexillum
1297 4374 1516 4443 praeterentem3
1533 4388 1618 4443 quem
1630 4373 1802 4432 immediate

102 4473 379 4530 expensaa,quaque
394 4456 924 4528 pretiosespoliaacceperuntouam·
939 4442 962 4507 D
977 4463 1097 4514 sancius
1113 4459 1389 4524 adalbertusnreluti
1407 4459 1451 4514 vir
1464 4477 1589 4531 magnus
1604 4466 1633 4517 et
1648 4463 1801 4533 robustus,

102 4546 144 4603 vis
160 4546 252 4620 igitur
267 4549 331 4617 post
346 4545 527 4616 triumphurn
554 4544 694 4600 divinitus
710 4544 794 4601 nobis
810 4547 922 4616 datum,
978 4548 1114 4604 decenter
1128 4553 1248 4605 ornatus
1269 4548 1499 4621 pontificalibus,
1526 4552 1713 4622 sequebatur.
1733 4555 1802 4610 Post

103 4635 353 4708 quemadmodum
365 4632 853 4706 communitervidebatur,reguum
867 4634 924 4691 Un·
978 4637 1040 4693 baeo
1054 4637 1124 4692 vidit
1139 4638 1258 4694 beatum
1271 4639 1454 4708 Procopium,
1466 4639 1551 4711 quasi
1578 4639 1714 4696 abbatem
1731 4659 1801 4699 cum

103 4727 189 4798 geria
205 4729 311 4781 nostro
327 4723 444 4778 editioni
462 4721 641 4794 potuerimus
659 4722 830 4794 subjugere,
845 4731 872 4780 et
885 4726 923 4780 ei·
977 4742 1031 4783 suo
1047 4724 1149 4782 baculo
1166 4725 1304 4797 pastorali
1317 4731 1452 4782 sanctum
1463 4727 1631 4799 pontificem
1647 4745 1662 4785 e
1678 4733 1801 4803 vestigio

892 4903 1005 4961 NOTAE.

135 5005 209 5078 (332)
218 5006 258 5060 Ad
269 5004 369 5059 locum
383 5000 573 5058 Kresenbron
585 4999 719 5071 prolium
731 5000 922 5059 commissum
977 5006 1142 5074 sequuntur
1154 5001 1287 5059 canonici
1304 5002 1458 5076 Pregenaie
1474 5009 1544 5060 sunt
1557 5006 1724 5079 verbaque
1737 5013 1805 5065 tan·

100 5082 158 5133 ρει,
977 5090 1065 5147 quem
1083 5075 1213 5146 epistola·
1224 5079 1337 5146 partem
1353 5092 1418 5131 cum
1436 5076 1669 5146 precedentibus
1684 5079 1802 5150 primns

134 5146 208 5218 (333)
219 5145 386 5201 Secundum
398 5143 562 5200 chronicon
574 5144 775 5214 Augustauum
786 5146 922 5217 quatuor·
976 5145 1050 5201 l'also
1065 5147 1217 5216 conjunxit
1233 5145 1366 5214 llqiecius
1382 5145 1512 5218 aliosque
1527 5148 1556 5203 in
1573 5166 1659 5206 suum
1671 5166 1801 5209 errorem

98 5218 192 5275 decim
209 5215 301 5270 millio
316 5216 445 5271 hostiurn
462 5213 621 5286 perierunt.
975 5218 1073 5282 traxit,
1090 5217 1256 5287 balbinum,
1272 5217 1491 5289 Pubiischkarn,
1508 5220 1679 5290 qoosetiem
1690 5225 1800 5282 Boczek

134 5288 208 5360 (334)
233 5287 333 5352 llario,
358 5284 503 5342 Theodori
536 5285 720 5357 imperatoris
752 5285 920 5344 Nicncensis
975 5289 1239 5346 secutuaest.Cir.
1262 5289 1446 5347 dobrowskii
1466 5292 1672 5349 commentatio
1697 5294 1799 5351 Erlau·

99 5359 171 5416 illia.
974 5361 1076 5416 terude
1092 5360 1313 5434 Bemerkungen
1328 5361 1401 5418 uber
1416 5361 1463 5418 die
1478 5361 1651 5422 Gescbicbte
1662 5366 1799 5424 oliokars

133 5431 209 5501 (335)
225 5429 297 5486 Filio
314 5427 388 5485 Bolas
402 5427 446 5484 lii.
973 5431 1003 5488 in
1020 5431 1242 5489 Monuissolrriit
1265 5433 1317 5490 dea
1341 5431 1511 5489 Romiachen
1539 5435 1687 5493 lluseums
1705 5437 1729 5492 ll
1744 5439 1796 5495 Ja-

134 5501 209 5575 (336)
233 5497 292 5556 lloo
316 5498 379 5556 loco
409 5497 519 5557 desinit
543 5498 661 5556 Otelari
685 5499 830 5574 epistola,·
853 5518 918 5573 que
974 5516 1072 5574 noan,
1089 5518 1117 5576 p.
1134 5503 1178 5563 tt.
