3796 6000
55 272 58 277 .
151 169 210 273 bar
297 182 301 187 ’
692 204 836 271 cossa
855 202 1073 270 rossensis
1093 204 1309 270 canemus.
1801 202 1861 266 aaa

149 340 268 410 videtis,
285 341 395 412 quanta
410 336 519 395 duritia
534 340 702 412 quantaque
725 338 862 412 impietas
886 339 983 398 cordis
997 341 1025 410 A
1042 361 1053 390 ι
1071 354 1134 397 sam
1147 341 1175 396 et
1190 335 1358 410 agazoniam
1372 336 1396 372 11
1410 334 1487 410 123);
1513 336 1712 409 quodcunque
1735 334 1862 407 elegeris

150 447 250 489 eorum
266 428 463 496 tuitionibus
474 429 582 486 etenim
596 428 730 486 uberiora
740 430 819 486 dona
829 446 898 487 mese
909 445 976 503 gra-
1028 449 1044 484 a
1060 446 1107 487 me
1122 428 1307 503 promittente
1322 428 1454 500 duceque
1469 426 1615 483 Braciztao
1631 427 1771 495 donante,
1795 426 1862 484 aino

150 521 197 577 tia
212 518 410 592 impertiebar,
426 522 455 575 et
470 535 545 591 quoe
569 535 627 591 pra
652 518 718 576 aliis
741 519 847 576 cariori
871 519 975 576 ellectu
1029 542 1044 572 s
1060 519 1149 579 dubio
1167 516 1687 589 oumhonorepossidebie.obcludo,
1699 520 1857 588 postquam

149 610 320 677 venerabar,
331 613 420 681 atque
429 608 511 665 lateri
526 625 588 666 meo
602 608 738 665 decenter
747 608 877 665 assidere
889 609 976 687 iacie-
1029 625 1061 666 se
1071 609 1169 681 ipsum
1179 623 1246 664 cum
1257 606 1323 663 aliie
1333 606 1449 679 proprio
1460 623 1509 662 ore
1518 604 1677 672 accusavit,
1689 605 1725 661 de
1735 604 1860 661 consilio

149 700 230 769 bam,
246 700 352 756 horum
370 698 498 771 maligna
511 697 645 755 voluntas
657 697 861 754 mibioaitium
875 696 977 755 molita
1029 713 1097 753 cum
1113 697 1200 754 sociis
1216 696 1340 752 eductus
1353 701 1408 763 est,
1424 695 1617 767 sequentique
1632 695 1756 751 discum
1769 694 1861 752 tratre

149 795 204 848 eet.
220 790 362 847 Ceterum
380 805 415 846 ne
430 788 474 846 vel
491 788 645 846 ambitiose
659 789 702 846 vol
718 806 769 861 pro
795 788 905 846 invidia
926 805 976 845 eos
1027 783 1860 857 strezimiroateamqnodsmmediooomnibuememoria

150 881 311 951 dampnare
330 879 440 949 uidear,
456 877 565 952 proprii
581 878 641 935 orie
656 895 757 935 eorum
778 876 906 951 alloquio
930 876 976 933 di·
1028 878 1060 933 in
1084 877 1146 933 iorc
1161 875 1266 949 privati
1283 882 1362 932 sunl.
1378 875 1441 932 Duo
1461 878 1559 931 autem
1583 873 1716 947 predicti
1737 874 1790 930 titii
1806 875 1858 931 Sa·

150 968 256 1042 gnitati
269 971 370 1025 vestra
385 967 487 1024 audire
502 965 690 1038 complaceat.
705 988 719 1017 a
731 966 866 1024 Posthac
876 968 974 1024 eutem
1027 965 1124 1022 thena
1142 964 1308 1021 inauditnm
1324 968 1506 1021 tormentum
1523 962 1686 1032 subiemnt,
1705 963 1815 1019 scilicet
1829 965 1859 1019 in

149 1055 280 1130 predicti
297 1055 348 1111 tilii
363 1054 495 1112 Sathena
509 1055 675 1128 praesentati
692 1059 761 1111 sunt
784 1054 909 1127 principi
935 1054 977 1112 ei·
1028 1055 1122 1110 rotam
1138 1052 1269 1110 strictius
1283 1051 1413 1124 implexi,
1430 1052 1521 1108 oculis
1533 1052 1635 1117 crutis,
1646 1053 1858 1109 manibusoum

148 1145 269 1218 mulque
284 1144 537 1202 discumbentibus
550 1164 557 1214 3
572 1143 613 1200 itti
624 1159 691 1201 vero
701 1144 752 1217 qui
762 1143 850 1201 vitam
864 1143 976 1200 ducisa
1026 1129 1859 1216 linguaaoiputatis,cruribusquecontractibussuperco-

150 1233 975 1308 majoribueeuiequoerareJuesilucrant,neiandamrem
1028 1231 1167 1307 lumpnas
1182 1232 1270 1305 positi
1293 1248 1356 1304 quaa
1380 1231 1508 1288 interitui
1534 1232 1557 1268 11
1582 1248 1682 1289 eorum
1707 1238 1854 1304 apparata

147 1323 243 1382 celare
258 1341 315 1381 nou
331 1328 500 1397 potuerunt,
514 1323 565 1380 sed
578 1322 748 1379 llliroslanm
762 1320 853 1378 tilium
863 1321 974 1378 lohan·
1029 1323 1155 1393 tuerent,
1171 1322 1310 1378 miseram
1325 1321 1415 1378 vitam
1432 1321 1581 1378 linierunt.
1598 1322 1756 1378 llriwosud
1775 1338 1855 1392 vero,

148 1413 196 1471 nis
205 1413 300 1471 inhiie
309 1412 769 1482 omuibusaccusaverunt,jueeu
780 1411 866 1482 cujus
876 1408 976 1467 omnia
1029 1412 1078 1484 qui
1096 1414 1220 1485 patruus
1237 1410 1363 1468 llirostai
1375 1411 1478 1478 iuerat,
1489 1415 1576 1483 etque
1588 1410 1637 1469 alii
1650 1412 1719 1479 duo,
1729 1428 1856 1484 quorum

149 1520 211 1576 qua
226 1504 248 1539 11
262 1503 356 1560 tacere
372 1501 524 1559 voluerant
539 1501 595 1558 etbi
610 1501 744 1574 injuncta
754 1516 819 1557 esso
829 1500 974 1570 dicabant,
1029 1517 1106 1557 unus
1121 1500 1263 1560 Waoomil
1277 1499 1302 1536 11
1316 1499 1388 1557 alter
1407 1500 1549 1557 Henricus
1574 1502 1734 1558 vocabatur
1750 1532 1785 1542 -
1806 1500 1855 1558 isti

149 1608 217 1649 nam
230 1597 259 1649 at
274 1593 435 1650 servientes
457 1592 522 1663 ejus
542 1592 666 1647 tuerent.
694 1588 852 1645 lltiroslaus
875 1591 973 1644 autam
1028 1589 1149 1662 quidem
1165 1589 1215 1661 qui
1232 1606 1248 1645 1
1263 1590 1383 1662 praelato
1399 1590 1536 1646 Miroslao
1552 1606 1650 1647 eoram
1666 1592 1741 1647 duce
1767 1597 1856 1661 atque

150 1681 320 1755 conspectui
335 1682 420 1738 ducis
434 1685 530 1737 astare
544 1681 644 1751 jussus
659 1682 714 1746 est,
736 1681 975 1752 preceptumque
1029 1679 1168 1752 predicto
1183 1683 1326 1735 conventu
1342 1679 1469 1735 accusati
1486 1679 1648 1736 tuerent-
1663 1678 1855 1750 adjudicium

148 1775 236 1828 estut
246 1788 323 1827 unus
334 1770 553 1843 deprimatibus
569 1769 604 1826 ab
616 1784 649 1826 eo
661 1768 735 1825 hanc
746 1783 865 1824 causam
877 1765 978 1838 inqui·
1030 1769 1167 1826 destiuati
1183 1775 1280 1840 Pragn
1295 1785 1347 1841 per
1360 1770 1469 1826 terrum
1490 1770 1683 1837 incesserunt,
1699 1774 1727 1825 et
1751 1770 1795 1826 sic
1819 1771 1854 1825 ab

148 1863 235 1930 reret,
252 1877 343 1918 suane
359 1859 471 1916 malitia
495 1877 531 1914 an
556 1856 682 1915 aliorum
707 1856 895 1929 suggestione
919 1854 976 1913 tale
1030 1858 1852 1931 omnipotenteDaedamnati,veracitarreirepertisunt,

146 1950 259 2008 crimen
275 1950 439 2023 excogitare
449 1966 540 2006 ausus
555 1952 644 2018 esset,
656 1948 759 2021 quisse
772 1945 863 2017 huius
874 1945 978 2015 couju-
1030 1964 1063 2004 ac
1077 1947 1201 2020 proinde
1214 1951 1360 2019 quatenus
1375 1946 1529 2020 capitalem
1542 1948 1667 2004 subeant
1677 1948 1853 2004 sententiam

147 2041 271 2098 rationis
287 2040 425 2113 magister
441 2040 554 2095 inisset.
572 2039 638 2111 lpse
652 2054 720 2095 sero
734 2038 769 2093 ad
786 2036 847 2092 bec
858 2050 977 2107 respon·
1030 2037 1178 2093 decretum
1195 2041 1248 2092 est.
1265 2036 1395 2092 Tandem
1412 2036 1492 2092 ducti
1507 2038 1544 2093 ad
1559 2038 1653 2095 torum
1668 2037 1686 2090 2
1703 2036 1765 2092 tal.
1780 2027 1853 2092 tulii

149 2127 193 2184 dit
206 2145 213 2185 :
233 2150 247 2180 α
263 2127 404 2200 Princeps
419 2127 561 2199 piissime,
573 2125 741 2183 nullatenus
753 2124 863 2198 grande
873 2139 977 2196 pecca·
1029 2142 1096 2182 oum
1110 2125 1205 2182 securi
1220 2124 1354 2182 decollati
1370 2137 1448 2184 sunt.
1463 2126 1552 2183 Bosik
1562 2125 1731 2199 capellanus
1742 2124 1767 2160 ⁸⁵
1779 2126 1855 2182 inter

152 2220 216 2274 tum
238 2233 336 2273 meum
362 2215 456 2274 celare
480 2231 613 2288 possum,
639 2215 715 2287 quod
737 2229 789 2286 per
813 2212 975 2269 maximum
1030 2214 1455 2287 coterapopultmultitudine
1479 2216 1564 2289 quasi
1593 2217 1629 2272 ad
1654 2216 1853 2288 spectaculum

149 2303 347 2364 intortunium
365 2304 587 2378 premeditatus
602 2320 678 2371 sum,
695 2304 744 2359 sed
765 2303 796 2360 in
821 2302 977 2374 praesentis
1030 2304 1124 2361 attuit.
1137 2304 1212 2361 illud
1225 2309 1324 2361 autom
1339 2304 1491 2375 nescio,an
1503 2305 1725 2362 adabolondurn
1737 2305 1855 2363 sibimet

150 2395 239 2453 vestri
252 2400 339 2468 atque
349 2394 438 2451 simul
450 2394 698 2451 discumbentium
705 2391 973 2449 manifestarevolo.
1030 2392 1125 2451 scelus
1136 2392 1436 2465 impunitumvenerit,
1446 2412 1482 2451 an
1494 2395 1714 2452 sicntdiabolus
1723 2396 1856 2453 inventor

157 2484 230 2545 Nam
247 2484 375 2557 quodam
390 2489 520 2558 tempore
535 2500 612 2540 unus
629 2483 666 2539 de
680 2481 824 2538 militibus
835 2478 975 2538 Braciaiai
1029 2482 1121 2555 hujus
1136 2482 1245 2555 negotii
1260 2482 1326 2554 tuit,
1342 2487 1430 2556 atque
1444 2485 1549 2541 ductor
1562 2484 1657 2556 ipsius
1681 2501 1733 2557 per
1757 2485 1855 2540 omnia

152 2572 272 2631 nomine
286 2574 388 2630 bolesa
400 2589 489 2630 causa
499 2573 589 2645 hujus
600 2571 671 2628 mibi
681 2571 853 2643 injungendi
864 2568 975 2642 peccati
1030 2573 1134 2643 extitit,
1150 2573 1191 2627 ita
1207 2573 1241 2628 ad
1258 2574 1450 2644 spectandum
1466 2572 1615 2631 interitum
1628 2573 1772 2630 sodalium
1787 2589 1854 2630 suo·

151 2666 252 2721 meme
263 2663 402 2729 visitavit,
415 2662 501 2735 cujus
511 2678 563 2735 ego
577 2661 699 2718 coneilio
709 2661 875 2718 consentire
884 2658 975 2716 nolui.
1032 2679 1096 2719 rum
1108 2678 1176 2719 eum
1185 2662 1318 2731 adduxit,
1326 2663 1621 2738 volendoagonietam
1629 2682 1715 2722 suum
1724 2683 1781 2722 non
1793 2665 1856 2722 diu·

149 2752 190 2808 td
207 2751 343 2809 ultimum
362 2768 427 2809 vero
441 2752 521 2809 venit
535 2752 572 2808 ad
589 2767 633 2807 me
657 2749 744 2808 ltosik
771 2747 806 2818 11,
830 2753 930 2806 nostor
952 2746 977 2784 11
1030 2752 1088 2810 tius
1104 2769 1121 2808 a
1135 2753 1281 2808 consortio
1297 2753 1445 2809 sociorum
1460 2753 1571 2827 uagari.
1588 2759 1671 2824 Nam,
1694 2754 1744 2826 qui
1769 2759 1855 2811 antea

63 2854 66 2859 ·
149 2841 330 2915 capellanus.
357 2846 445 2913 atque
468 2840 518 2897 tali
546 2841 633 2896 modo
657 2856 703 2897 me
727 2854 846 2896 monere
869 2837 975 2910 caepit:
1030 2840 1167 2898 conscius
1182 2841 1301 2898 sibimet
1316 2856 1408 2914 vagus
1422 2842 1527 2898 etexul
1542 2845 1686 2912 extiterat,
1703 2845 1789 2900 modo
1805 2860 1856 2916 per

152 2949 164 2982 a
180 2929 292 2997 Nonne,
307 2929 479 2988 charissime
494 2928 546 3000 ali,
563 2933 645 3001 patre
658 2933 710 2985 tuo
720 2929 750 2984 in
762 2929 815 2984 bac
826 2926 977 3000 provincia
1030 2930 1081 2987 liei
1091 2929 1253 3003 gratiarum
1266 2931 1441 2988 manitestus
1452 2932 1589 2988 omnibus
1599 2933 1735 3005 apparuit
1745 2951 1753 3003 3
1765 2949 1853 3004 quem

149 3042 163 3072 a
180 3019 280 3077 nullus
290 3018 414 3077 nobilior
424 3017 974 3091 nullusquesepientiortuititueutcm
1031 3018 1135 3078 videus
1151 3035 1227 3075 unus
1242 3019 1277 3076 de
1292 3020 1468 3092 primatibus
1483 3025 1597 3077 tentum
1610 3021 1743 3093 perduxit
1752 3023 1787 3078 ad
1800 3023 1854 3078 du·

147 3130 162 3160 a
177 3109 254 3166 inter
268 3109 342 3165 elios
356 3109 445 3180 hujus
456 3112 538 3165 terre
555 3107 694 3180 primates
710 3124 762 3181 pro
779 3106 903 3163 minimo
917 3105 972 3163 he·
989 3079 1012 3149 c
1030 3124 1104 3179 cem,
1121 3114 1149 3166 et
1164 3109 1363 3181 interrogatus
1378 3111 1414 3166 de
1430 3127 1530 3180 causa,
1552 3111 1680 3169 sermoni
1706 3112 1854 3168 sociorum

148 3219 164 3251 «
179 3199 268 3267 beris,
281 3199 401 3271 insuper
414 3203 444 3254 et
453 3212 626 3270 germanum
642 3200 726 3254 tuum
741 3195 854 3252 tamdiu
869 3195 898 3251 in
911 3195 973 3251 vin-
1029 3196 1665 3271 innullodiscrepuit,sicquecathenaierrea
1675 3200 1854 3258 constrictus

148 3310 165 3342 «
180 3289 255 3346 culis
270 3288 425 3363 pronihilo
441 3288 535 3344 multa
546 3286 623 3343 mala
636 3287 763 3359 perterre
774 3285 975 3359 paloriellrgo
1029 3288 1066 3343 ad
1082 3287 1246 3344 custodiam
1258 3287 1383 3345 villico&
1392 3289 1468 3361 regis
1477 3290 1635 3362 deputatus
1646 3293 1700 3347 est.
1712 3290 1854 3362 Sequenti

148 3399 165 3432 e
179 3377 285 3434 melius
301 3382 356 3444 est,
372 3381 404 3432 ut
418 3376 474 3433 hoc
489 3376 561 3432 duce
576 3374 788 3448 superbissimo
814 3379 974 3447 perempto,
1028 3389 1096 3432 vero
1112 3375 1278 3448 septimana
1290 3378 1308 3432 2
1320 3375 1383 3433 Kal.
1399 3376 1465 3434 tulii
1478 3376 1501 3413 11
1512 3378 1854 3437 Braoialausobcoeoatus

149 3465 267 3522 «talam
282 3464 527 3533 inthronizemus,
544 3480 562 3519 a
580 3479 639 3535 qno
665 3462 728 3520 siue
752 3463 842 3519 dubio
868 3467 975 3520 cuncta
1029 3468 1083 3521 est.

147 3574 165 3609 «
180 3570 243 3626 quo
258 3553 345 3610 nobie
361 3553 526 3625 placuerint
540 3552 649 3609 habere
668 3553 841 3624 poterimus.
855 3551 974 3615 Quodsi
1065 3554 1167 3611 liudem
1181 3571 1258 3612 anno
1272 3556 1672 3631 81dus0ctobrisquoddam
1685 3567 1852 3617 monstrum

147 3664 163 3695 «
179 3641 252 3698 mihi
270 3640 446 3710 maspedis,
462 3642 497 3697 ad
513 3640 602 3697 talem
619 3642 647 3697 te
662 3639 806 3697 deducam
822 3640 869 3697 cui
884 3639 973 3697 indu·
1028 3642 1064 3700 ed
1080 3641 1305 3701 similitudinem
1321 3647 1465 3719 serpentis
1478 3663 1537 3705 uno
1554 3653 1713 3718 momento,
1741 3650 1855 3707 scillcet

147 3753 163 3784 «
180 3729 306 3789 bitauter
326 3731 446 3787 credere
467 3729 615 3803 poteris.»
646 3734 707 3787 Hoc
731 3745 865 3787 sermone
891 3730 973 3787 linito
1028 3731 1106 3789 circa
1121 3748 1258 3790 occasum
1275 3734 1356 3803 solis,
1371 3736 1467 3793 visum
1487 3741 1532 3794 eet
1560 3736 1659 3795 volare
1682 3755 1734 3812 per
1762 3745 1855 3797 totam

147 3836 201 3895 ego
216 3837 268 3894 pro
284 3823 403 3893 peccato
413 3834 478 3877 meo
489 3818 685 3876 admonitioni
699 3819 764 3891 ejus
780 3819 923 3893 acquievi,
944 3823 973 3876 et
1027 3819 1197 3879 Bononiam
1213 3826 1240 3879 et
1251 3839 1303 3894 per
1316 3823 1444 3896 plurima
1454 3825 1593 3884 alialooe.
1606 3826 1745 3885 Posthac
1755 3836 1854 3887 eutem

146 3906 189 3964 ita
203 3906 339 3979 perduxit
353 3921 399 3962 me
414 3906 451 3962 ed
466 3905 635 3979 episcopum
651 3904 850 3974 ttagnardom,
866 3904 918 3977 qui
942 3906 972 3961 in
1027 3910 1108 3968 aliud
1123 3911 1609 3987 signumvisumesteqnibusdam
1621 3917 1710 3974 nimie
1721 3916 1854 3976 lucidum

147 3996 276 4070 quedem
292 3995 360 4052 villa
373 3995 511 4052 manabat
525 4011 589 4067 qun
601 3994 728 4051 Soterico
738 3993 763 4030 ⁸⁰
774 3994 939 4052 zircinaves
948 3994 971 4032 11
1026 3999 1278 4059 matutinalibora.
1286 4003 1462 4061 Wralisleus
1472 4004 1552 4062 saltus
1561 4006 1619 4063 Ded
1624 4005 1705 4063 atrici
1715 4007 1854 4065 reductus

147 4086 322 4161 appelletur.
338 4087 398 4144 lico
413 4090 511 4144 autom
528 4085 654 4143 tecitoen
667 4084 784 4158 presuli
796 4102 841 4142 me
851 4085 973 4158 cupiens
1026 4099 1072 4145 est
1086 4088 1123 4144 de
1138 4087 1235 4147 exilio.

147 4175 179 4232 tn
195 4177 393 4234 ministerium
409 4175 727 4248 commendare,ibique
741 4180 836 4233 totum
853 4176 972 4234 initium
1060 4181 1145 4236 Anno
1160 4181 1314 4238 dominica
1330 4182 1541 4241 incarnationis
1556 4185 1637 4256 1131,
1655 4188 1671 4241 1
1686 4185 1749 4243 llal.
1767 4187 1852 4260 Apri·

149 4264 240 4338 bajus
257 4264 470 4337 conjurationis
486 4265 595 4321 tactum
617 4269 673 4322 est.
689 4287 704 4316 »
729 4265 836 4322 Deinde
859 4282 877 4321 a
899 4267 972 4324 duce
1025 4267 1062 4324 lis
1079 4268 1298 4342 121),111εε111
1315 4272 1464 4331 dominica
1487 4289 1546 4347 qua
1570 4279 1708 4332 cantatur
1730 4277 1851 4344 testare,

148 4355 346 4426 interrogatus
360 4355 397 4412 de
411 4354 547 4426 predicte
566 4352 779 4426 conjuratione,
803 4355 971 4428 episcopum
1025 4359 1183 4417 Lutberins
1198 4376 1247 4417 rex
1262 4377 1329 4419 cum
1345 4362 1435 4420 multo
1452 4364 1589 4422 comitatu
1603 4369 1663 4421 tem
1678 4364 1851 4422 clericorum

146 4443 273 4518 graviter
286 4444 316 4500 in
331 4442 471 4502 omnibus
486 4443 528 4499 ita
542 4442 643 4500 dicens
658 4444 807 4502 accusavit
818 4460 825 4500 ε
835 4466 849 4495 e
862 4443 970 4502 Preaut
986 4455 1010 4520 1)
1025 4464 1114 4521 quem
1129 4449 1270 4508 laieorum
1286 4451 1316 4509 tn
1342 4453 1458 4510 civitate
1482 4470 1546 4527 que
1569 4454 1708 4512 Leodium
1732 4460 1852 4513 vocatur

146 4533 324 4609 lllognardus
338 4535 375 4592 ob
390 4534 465 4591 benc
480 4549 609 4602 causam,
625 4541 655 4591 ut
670 4551 724 4592 nos
739 4537 768 4592 in
783 4535 839 4592 hoo
855 4536 970 4608 negotio
1024 4540 1169 4597 convenit.
1186 4542 1217 4597 tn
1234 4557 1293 4613 quo
1305 4549 1446 4600 conventu
1463 4541 1668 4602 Innocentium
1683 4546 1740 4618 (25)
1751 4547 1849 4618 prolu-

146 4627 315 4681 constentos
339 4624 468 4692 baberet,
491 4624 564 4680 duos
588 4622 696 4695 digitos
720 4639 808 4695 super
829 4623 970 4697 reliquias
1024 4644 1092 4701 gum
1108 4646 1213 4704 papam
1230 4630 1392 4704 elegerunt,
1413 4631 1498 4689 illum
1523 4633 1658 4692 videlicet
1681 4651 1769 4708 quem
1794 4640 1850 4692 Pe·

144 4713 968 4788 sanctorumposuit,verbebujuscemodimecumbabuit:
1025 4723 1088 4775 trus
1104 4717 1161 4792 126)
1178 4718 1279 4777 teonis
1295 4721 1373 4777 filius
1388 4737 1454 4779 cuni
1467 4723 1544 4780 clero
1555 4728 1584 4780 st
1593 4723 1701 4796 populo
1712 4725 1848 4782 Romana

150 4823 164 4858 ι
182 4803 212 4861 st
227 4804 316 4862 vitam
328 4803 410 4861 ducis
422 4803 594 4876 perdideris,
608 4802 904 4876 interistaquinque,
915 4805 971 4863 eci·
1024 4806 1153 4865 ecclesie
1169 4808 1204 4864 de
1228 4808 1387 4881 pontificali
1410 4812 1478 4868 sede
1504 4813 1628 4886 pepulit.
1653 4816 1848 4882 Quamobrem

147 4915 162 4945 s
177 4890 245 4952 lieet
259 4893 352 4966 Setae,
369 4892 542 4951 Lutomerioi
556 4896 585 4948 et
598 4890 675 4949 inter
686 4908 832 4951 mmerem
845 4898 875 4950 et
888 4911 969 4953 men·
1024 4897 1193 4970 episcopum
1205 4898 1444 4956 Monasteriansis
1454 4900 1584 4960 ecelesia
1593 4902 1650 4976 (27)
1659 4905 1848 4977 11111111111,

819 4992 941 5053 111111111
968 4995 1172 5055 ascalonus,

180 5084 202 5119 11
213 5085 416 5158 2111122111)
455 5083 576 5141 11211111
628 5083 703 5154 211).
740 5081 900 5153 1111111121
894 5086 941 5160 1.1)
980 5085 1847 5223 2112111211).11Ζεη11111112),1111311112

143 5154 352 5230 gosinam2to)
384 5155 573 5213 111111ιί112
641 5083 1847 5247 1111111211)11111111111111211)11111111211).1111112.11111211)

933 5255 1055 5318 NOTAE.

190 5352 418 5412 23ttarescaloi
440 5369 559 5411 munus.
1067 5357 1309 5430 25)Βε11111111.

191 5425 325 5484 atris
339 5425 462 5484 testibus
482 5442 565 5553 papa
567 5426 631 5498 jam
655 5423 703 5484 die
725 5426 761 5483 22
787 5425 871 5483 liert.
899 5425 968 5486 beo·
1068 5430 1104 5486 26
1129 5431 1288 5491 anacletus
1303 5434 1339 5489 11.

144 5496 371 5558 diumveneret.
384 5498 470 5567 1126,
486 5496 565 5573 ρ.27
1069 5501 1105 5558 27
1130 5501 1299 5567 bibentum.
