3788 6000
55 162 117 251 esti
543 158 641 220 VITA
662 157 820 219 stanna
840 156 1024 221 lectona
1045 158 1265 224 ostentato.
1706 155 1765 241 990

55 301 158 350 utrum
168 295 242 350 irent
252 310 288 349 an
298 310 366 358 non,
377 290 755 363 supervenitaliusnuntius
767 290 880 363 nepotis
895 291 923 369 Α
937 293 1113 352 exclamabat
1129 295 1172 352 eis
1187 294 1237 369 qui
1257 294 1432 351 obsederant
1447 290 1552 348 turrim
1575 287 1760 357 borsiardus,

56 384 132 456 (177)
147 383 264 439 comitis
279 382 386 451 Caroli,
402 381 586 438 demandans
603 381 789 454 principibus
803 379 882 437 obsi·
936 386 1053 456 quando
1068 386 1147 443 etad
1161 402 1247 458 quem
1264 385 1359 440 locum
1375 400 1448 440 suus
1459 381 1645 438 consiliarius
1658 384 1686 434 et
1701 383 1760 435 tam

58 473 156 530 dionis
171 471 297 528 salutem
314 476 341 527 et
359 471 524 528 naturalem
540 488 607 541 erge
622 486 725 526 omnes
741 476 826 527 terra
841 469 885 525 in·
937 474 1090 534 tamillaris
1109 476 1243 549 fugisset.
1267 475 1400 533 Totidem
1424 474 1502 529 cives
1523 472 1761 542 constipaverant

56 561 234 617 habitatores
245 560 411 616 dilectionis
422 559 560 616 allectum
575 577 607 616 ια
619 560 737 617 Certum
749 558 884 616 estvobls
937 565 1035 620 viltam
1050 568 1080 622 in
1096 583 1154 639 qua
1170 566 1311 639 fugitivus
1326 564 1376 620 ille
1391 561 1488 633 latuit,
1503 565 1559 616 ete
1574 557 1697 615 latibulo
1711 572 1759 612 ex·

59 651 198 706 omnibus
214 666 285 705 mee
301 649 371 705 sorti
396 652 424 704 et
444 650 578 719 potestati
605 665 728 722 regnum
743 647 884 704 mandria
938 661 1062 711 tranium
1086 655 1263 712 reduxerunt
1282 671 1349 710 eum
1374 653 1533 725 captivum,
1550 654 1578 704 et
1601 647 1761 720 suspendio

59 746 127 813 post
142 745 264 796 mortem
281 739 393 796 domini
406 740 464 796 mel
474 739 605 796 consulis
622 741 688 811 jure
701 737 885 812 cognationis
939 743 968 798 in
985 744 1046 800 toro
1068 749 1168 800 nostro
1193 743 1274 800 illum
1302 742 1500 810 perdidissent
1522 741 1547 795 si
1571 755 1604 794 eo
1628 743 1760 810 tempore

57 829 212 901 pertinere.
230 830 340 885 ldcirco
356 831 537 884 considerate
562 835 590 885 et
613 834 701 886 caute
730 844 815 899 agere
836 842 886 881 vos
938 832 1100 889 adfuissent
1114 833 1254 903 primates
1270 829 1442 899 obsidionis,
1459 829 1507 901 qui
1524 829 1553 884 in
1567 827 1706 882 Atrebato
1718 841 1762 880 re·

62 921 138 986 volo,
150 917 418 992 superelectionem
433 934 504 973 mea·
515 920 885 990 persona,etpramonitos
939 920 1232 993 gnoronsnlnerunt.
1255 920 1375 979 Caldam
1399 919 1516 975 tandem
1542 916 1681 974 Gerberto
1704 912 1760 970 civi

61 1026 115 1065 vos
131 1025 200 1080 rogo
216 1022 250 1063 ne
267 1005 452 1064 maclianum
470 1024 487 1063 a
509 1023 598 1079 regno
614 1007 738 1077 lecistis,
758 1007 808 1079 qui
819 1007 886 1078 jure
939 1001 1038 1066 nostro
1064 1011 1119 1066 sub
1145 1009 1213 1067 lldel
1240 1009 1395 1066 securitate
1418 1007 1651 1075 commendatus,
1675 1003 1760 1076 cujus

62 1102 91 1153 et
106 1115 140 1153 ea
151 1097 247 1153 debito
259 1095 499 1169 propinquitatis,
514 1096 538 1151 si
551 1095 622 1151 mihi
634 1096 885 1164 remandaveritis,
939 1098 988 1156 ille
1013 1104 1154 1173 cognatus
1174 1098 1239 1165 tuit,
1262 1098 1313 1171 qui
1328 1096 1411 1153 illum
1435 1095 1555 1152 cautelas
1578 1094 1710 1151 custodia
1730 1091 1761 1149 in

61 1202 159 1242 comes
188 1185 318 1251 iuturus,
343 1187 451 1257 justus,
477 1184 627 1257 pacificus,
656 1184 831 1255 tractabilis,
857 1190 887 1241 et
941 1188 1064 1246 vinculis
1088 1189 1280 1246 constrictum
1308 1202 1402 1258 usque
1430 1187 1465 1242 ed
1490 1184 1674 1259 praeentiam
1700 1182 1762 1254 pri·

61 1273 885 1346 utilitatiscommunioniquesalotisprovisoraccurro.»
940 1294 1054 1335 morum
1079 1278 1235 1334 comitatus
1260 1274 1451 1346 conservavit,
1478 1279 1512 1329 ut
1539 1271 1655 1329 illorum
1679 1270 1760 1343 judi·

60 1366 143 1420 Tunc
157 1367 304 1439 principos
320 1365 471 1439 simulque
487 1382 589 1423 omnes
605 1366 654 1438 qui
670 1364 886 1421 audieraotlit·
939 1369 984 1423 cio
1012 1372 1168 1437 constaret,
1198 1365 1341 1439 quidquid
1381 1362 1443 1420 lteri
1478 1366 1684 1436 percenserent
1724 1358 1762 1415 de

57 1462 137 1512 teras
150 1459 187 1512 ab
204 1457 323 1512 lllsatan
339 1473 356 1511 a
371 1460 476 1528 nepote
492 1455 623 1513 consulis
634 1456 835 1525 transmissas,
849 1457 885 1511 li·
940 1458 1000 1514 illo.

56 1546 155 1602 ct‘tias
171 1553 348 1616 asserentes,
365 1545 447 1601 nulla
463 1547 715 1603 animadversione
726 1546 887 1616 responsio·
973 1548 1018 1604 81.
1034 1548 1116 1605 Nono
1131 1545 1272 1603 Kalendae
1289 1544 1407 1618 Aprilis,
1428 1544 1501 1599 lenia
1518 1542 1632 1616 quinta,
1646 1537 1761 1595 Woltra

58 1635 104 1690 nis
119 1635 294 1706 agebantur,
307 1650 341 1689 eo
356 1634 437 1705 qnod
449 1634 615 1706 respublica
625 1632 780 1700 laboraret,
796 1638 824 1689 et
836 1650 886 1689 rex
902 1671 925 1735 B
939 1636 1037 1693 cruval
1054 1637 1152 1693 retulit
1172 1635 1365 1700 nostratibus,
1381 1649 1478 1705 regern
1506 1631 1667 1703 anglorum
1695 1642 1762 1682 cum

56 1724 180 1780 esioino
205 1728 381 1779 conventum
398 1721 583 1787 acceleraret,
601 1739 694 1795 neque
721 1723 785 1778 eine
800 1722 887 1794 longa
942 1715 1770 1797 illolpreusiWillelmoconcordiamlaudasse.pcruniem

58 1828 147 1883 opera
153 1828 205 1884 pro
215 1812 458 1885 eligendonepota
479 1811 568 1868 itlose
585 1816 709 1868 tractare
725 1828 809 1880 posse
820 1829 889 1883 pra·
939 1814 1082 1870 infinitam
1100 1813 1191 1871 simul
1205 1818 1233 1869 et
1249 1813 1357 1870 milites
1382 1814 1527 1868 trecentos
1547 1803 1761 1880 praeostensio

62 1903 206 1957 viderent.
939 1904 1078 1960 auxilium
1091 1904 1126 1960 ad
1136 1902 1328 1960 obtinendam
1340 1901 1513 1959 comitatum
1523 1891 1763 1959 mandrtaouod

91 1991 137 2044 70.
155 1989 318 2046 Utillimum
347 2007 416 2063 ergo
442 1991 694 2064 praeanticipantes
718 1989 887 2057 ottusilium,
939 2009 1006 2049 cnm
1019 1992 1126 2050 tatsnm
1137 1993 1326 2062 loret,temen
1343 1990 1482 2048 simulata
1496 1987 1596 2044 iraude
1607 2000 1690 2056 quast
1704 1998 1762 2038 ore-

58 2095 92 2133 ex
116 2079 240 2149 imperio
265 2079 342 2150 regis
358 2080 562 2151 preparabant
585 2096 615 2136 se
640 2081 733 2136 ituros
759 2080 830 2135 teria
845 2094 888 2135 se·
940 2081 1029 2139 dibile
1044 2081 1213 2139 diffamavit.
1230 2085 1301 2137 Nam
1313 2095 1379 2136 vere
1393 2078 1527 2136 constitit
1543 2076 1625 2132 illum
1647 2070 1762 2130 Willel·

63 2169 160 2224 ounda
175 2175 204 2223 et
218 2169 314 2223 tertia.
331 2173 433 2223 Postea
449 2173 547 2224 tamen
564 2185 598 2224 ex
613 2168 801 2225 industriosi
816 2184 887 2224 con·
940 2189 1019 2229 mum
1037 2175 1186 2245 Iprensem
1202 2171 1369 2243 suscepisse
1379 2170 1563 2226 detbeeauro
1577 2165 1692 2222 comitis
1705 2165 1760 2220 lla·

62 2257 129 2313 silio
154 2257 309 2328 singulari,
326 2257 472 2329 principes
488 2257 654 2313 convocatis
682 2256 803 2326 civibus,
820 2274 888 2328 pro·
940 2262 992 2319 roli
1008 2262 1135 2335 Anglioe
1151 2269 1272 2318 moneta
1288 2260 1466 2332 quingentas
1483 2256 1573 2312 libras
1590 2272 1640 2327 per
1655 2268 1761 2310 manus

61 2350 188 2403 ruerunt
203 2347 232 2403 in
248 2347 348 2403 eedem
366 2346 517 2402 [lominica
532 2347 566 2401 ad
584 2363 663 2403 orma
680 2350 709 2404 et
720 2345 888 2403 invaserunt
940 2356 1078 2423 nepotum
1095 2350 1241 2423 praepositi
1257 2346 1417 2422 bertolphi,
1429 2347 1479 2419 qui
1494 2342 1658 2418 impiissimi
1670 2340 1764 2399 tredi-

65 2439 201 2493 obsessoa
216 2437 242 2491 io
258 2439 340 2492 turri.
359 2438 499 2508 Quodque
515 2437 579 2491 ideo
595 2438 703 2492 iactum
718 2441 763 2492 est
780 2444 809 2492 ot
827 2453 889 2508 per·
940 2445 1017 2496 toros
1032 2439 1087 2495 sibi
1104 2445 1133 2495 et
1152 2456 1241 2513 regno
1262 2438 1394 2510 prolerre
1416 2434 1510 2492 conati
1535 2436 1604 2490 sunt
1625 2431 1761 2489 eumdem

64 2527 183 2582 territos
207 2526 343 2582 obsessos
369 2528 462 2598 magis
489 2525 692 2582 exanimarent
715 2531 745 2581 et
770 2523 888 2597 pavidos
941 2528 1121 2584 willelmum
1138 2547 1145 2595 ;
1163 2529 1213 2599 qui
1230 2528 1267 2582 ab
1281 2529 1324 2583 eis
1349 2527 1467 2598 quidem
1484 2522 1649 2595 pecuniam,
1665 2518 1761 2575 consi·

63 2616 230 2681 redderent,
261 2616 337 2686 qood
364 2615 392 2669 in
421 2616 550 2671 discessu
576 2616 674 2670 subito
698 2613 736 2670 ed
760 2631 888 2687 regema
941 2620 1012 2674 lium
1028 2622 1057 2673 et
1071 2618 1211 2673 auxilium
1227 2616 1406 2686 obtinuerat,
1421 2618 1450 2670 et
1464 2612 1644 2685 quotidianis
1655 2608 1761 2665 litteris

65 2705 248 2777 principibus
274 2706 358 2771 laeto,
378 2720 434 2760 oon
460 2710 601 2760 auderent
616 2722 632 2758 a
648 2705 721 2759 turri
742 2704 818 2760 exire
843 2702 889 2759 vel
941 2710 1039 2766 missis
1053 2710 1081 2765 in
1098 2710 1221 2765 inrioem
1233 2715 1262 2764 et
1274 2707 1416 2775 remissis,
1429 2715 1547 2763 mutuas
1558 2702 1722 2759 voluntates
1732 2702 1762 2756 et

65 2794 215 2866 aufugere.
228 2792 888 2865 congressusquidemgravisutrinqueleciue
941 2799 1183 2855 conscientiarum
1205 2802 1315 2854 secroto
1340 2795 1544 2868 loquebantur.
1561 2795 1582 2848 Α
1608 2808 1673 2864 rege
1692 2806 1763 2864 ergo

65 2888 111 2937 nst
134 2888 164 2936 et
179 2882 274 2937 adhuc
302 2884 438 2938 obsessos
463 2880 571 2936 latebat
600 2897 652 2936 aur
677 2880 707 2936 in
738 2879 889 2935 noninicn
940 2887 1100 2960 anglorum
1118 2888 1258 2943 mentitus
1273 2885 1414 2941 astantes
1430 2880 1762 2954 nrstntnswotstnnn

64 2969 206 3028 0110]ῑοῦὶ
223 2972 351 3028 latereni
377 2973 407 3027 5⁰
429 2989 489 3037 00⁸.
507 2988 574 3027 ⁰⁰11]
594 2987 696 3026 Omnes
716 2976 835 3026 000808
850 2969 885 3026 dt
941 2978 1107 3048 suscepisse
1123 2975 1243 3031 donaria
1258 2975 1460 3045 pecuniarum,
1475 2972 1578 3028 volens
1593 2977 1687 3036 tegere
1704 2978 1762 3023 tra·

64 3060 208 3130 preterito
224 3064 354 3131 tempore
365 3060 531 3117 Dominions
541 3060 570 3114 in
588 3075 657 3130 pace
668 3060 883 3115 observassent.
906 3021 928 3088 c
942 3065 1076 3121 ditiosnm
1092 3062 1302 3120 conscientiam
1318 3059 1467 3127 Willelml,
1478 3060 1528 3132 qui
1539 3074 1605 3114 vere
1616 3075 1633 3112 a
1644 3057 1764 3112 tradito·
1853 3054 1861 3125 j

64 3151 203 3206 llxieruot
231 3152 322 3223 igitur
352 3150 492 3213 secunda,
522 3155 551 3205 et
575 3148 675 3205 tctrtia
699 3149 770 3204 teria
807 3148 887 3220 apud
939 3155 1020 3211 rihni
1036 3152 1215 3210 submissam
1241 3152 1394 3222 pecuniam
1419 3152 1579 3221 acceperat,
1597 3163 1648 3218 per
1671 3160 1761 3218 quam

64 3242 231 3296 Atrebatum
249 3240 379 3297 locutum
396 3238 466 3310 regi,
483 3238 624 3295 ordinatis
643 3237 886 3309 illisquiturrlm
939 3243 1092 3300 solidarios
1121 3242 1195 3314 (179)
1220 3244 1413 3312 compararet,
1438 3244 1466 3295 et
1495 3238 1537 3294 sic
1561 3252 1628 3292 oum
1653 3236 1760 3291 virtuto

64 3335 148 3385 notite
162 3346 195 3385 00
208 3330 254 3384 die
263 3330 366 3384 armati
379 3334 460 3384 caule
471 3333 499 3383 et
510 3328 644 3398 fideliler,
659 3342 695 3382 110
709 3326 775 3399 quis
786 3328 886 3383 00808·
939 3349 1006 3389 cum
1022 3332 1193 3390 comitatum
1210 3328 1396 3397 obtinuisset,
1408 3327 1564 3385 traditore!
1575 3341 1646 3383 gugg
1657 3323 1760 3379 volun.

65 3434 167 3474 wrum
183 3417 406 3486 subterfugeret.
422 3419 621 3472 obmitterent·
939 3428 1012 3479 tates
1044 3425 1259 3493 consequenter
1288 3435 1340 3491 per
1366 3417 1465 3492 ipsum
1491 3416 1760 3474 consummassent.

99 3508 144 3563 80.
164 3506 279 3562 Decimo
295 3505 437 3561 Kalendas
467 3505 571 3576 ltprilis
586 3506 657 3563 teria
678 3509 790 3577 quarta,
809 3508 887 3561 laceo
939 3514 1043 3572 Nullus
1056 3530 1123 3573 vero
1138 3514 1300 3586 primatum
1316 3513 1491 3567 obtenturus
1505 3509 1535 3565 in
1553 3523 1653 3581 regno,
1669 3503 1763 3562 voluit

66 3595 886 3667 raptusestetsuspensusliberatormeus,tlnitistribus
939 3605 1049 3677 aliquid
1076 3602 1189 3660 annnilii
1205 3601 1249 3658 vsi
1266 3599 1439 3658 internuntii
1463 3599 1636 3655 traditorum
1663 3598 1764 3668 aperte

67 3685 259 3743 hebdomadis
271 3684 595 3749 aboceisionecomitis,
605 3690 673 3741 ente
684 3684 888 3740 annuntiatio·
939 3694 1098 3765 ,usnimi-0,
1112 3709 1145 3748 00
1160 3690 1240 3764 quod
1255 3693 1353 3746 sigism
1366 3690 1422 3746 ,ub
1434 3693 1503 3745 ω).
1516 3686 1678 3744 traditionis
1693 3700 1762 3741 con·

67 3791 133 3831 ¹¹0ffl
148 3774 176 3830 s·
192 3771 741 3845 910019ὓΰὶθῖῑὶῑῖἃῐῐὶῑθρᾶῐῐῠθΐῦῐΰ
757 3776 888 3830 [sember-
939 3784 1124 3840 scriberetur.
1140 3782 1208 3837 Ideo
1227 3779 1274 3837 ille
1293 3778 1456 3834 Willelmus
1476 3777 1590 3849 tegebat
1605 3773 1760 3829 conscien-

66 3871 114 3920 tus
130 3864 202 3935 (178)
211 3861 316 3918 Arrhei
331 3879 347 3917 a
363 3863 433 3917 turri
445 3861 563 3933 elapsus
573 3863 674 3932 evasit,
687 3863 800 3935 lugiens
811 3867 886 3935 apud
939 3872 1010 3927 tiam
1025 3885 1121 3938 annm,
1136 3875 1165 3924 at
1178 3868 1330 3940 paeoniam
1356 3884 1373 3922 a
1396 3881 1462 3937 rege
1486 3866 1627 3920 mentitus
1641 3865 1686 3916 est
1700 3859 1761 3915 eibi

65 3953 189 4008 Miobem
206 3951 303 4006 villam
322 3950 456 4007 naviculo
473 3952 618 4005 devectus.
635 3951 687 4006 llic
712 3952 749 4006 de
764 3952 887 4008 oonsilio
939 3957 1029 4013 luisse
1042 3955 1258 4022 transmissam,
1275 3954 1361 4026 qnasi
1379 3953 1451 4009 nibil
1466 3965 1622 4008 commune
1638 3948 1760 4004 haberet

67 4041 212 4098 borsiardi
228 4041 294 4111 tuit,
312 4040 610 4111 etneqaitersemper
624 4039 885 4111 egitoonsiliando,
938 4043 982 4099 vel
1011 4043 1113 4101 secreti
1142 4057 1209 4098 cum
1238 4038 1513 4107 traditoribus,oui
1539 4044 1636 4095 tamen
1661 4036 1758 4093 mani·

51 4132 176 4199 ‘agendo
191 4135 220 4184 et
233 4131 269 4185 ad
283 4145 369 4185 omne
381 4129 464 4185 notas
478 4128 647 4201 instigando
657 4130 791 4185 dominos
801 4146 885 4196 suns;
940 4136 1011 4190 leste
1026 4140 1092 4188 ante
1108 4137 1224 4203 tempus
1243 4131 1406 4187 obsidionis
1425 4129 1550 4185 salntem
1566 4132 1595 4183 et
1617 4125 1760 4182 auxilium

67 4221 176 4276 idcirco
190 4219 382 4274 cdiosuserat
393 4218 590 4288 omnibusqui
602 4218 631 4273 in
645 4218 793 4275 obsidione
804 4222 886 4278 dolos
938 4223 1043 4280 litteris
1071 4221 1197 4295 signatis
1225 4219 1415 4276 mandaverat
1443 4215 1596 4290 praeposito
1624 4219 1653 4271 et
1678 4215 1760 4272 suis.

66 4307 884 4379 illiusaudieranttlumqueateroporeobsidionieintra
938 4313 1000 4377 Qua
1028 4316 1202 4385 tempestate
1235 4310 1415 4367 Giselbertus
1441 4305 1524 4377 (180),
1554 4319 1645 4376 nepos
1667 4303 1759 4361 tradi·

65 4403 194 4452 castrum
211 4395 398 4450 clauderetur
414 4410 508 4466 usque
525 4395 559 4448 ad
576 4399 694 4466 tempus
713 4412 771 4467 quo
787 4398 886 4470 lugam
902 4404 925 4469 [t
941 4407 1047 4470 torum,
1069 4401 1248 4458 castellanus
1276 4399 1444 4472 Barrgensis,
1462 4395 1512 4469 qui
1536 4397 1592 4451 sub
1617 4399 1686 4450 nota
1699 4399 1759 4448 tra·

65 4485 168 4551 subiit,
181 4485 216 4541 od
230 4500 315 4540 omne
325 4482 655 4555 negotiumquodintus
665 4485 807 4556 agebatur
817 4491 887 4543 stre·
940 4490 1059 4546 ditionis
1072 4493 1144 4552 eret,
1170 4489 1205 4543 ed
1235 4487 1426 4545 castellanum
1452 4488 1480 4539 Β.
1505 4482 1664 4540 audomari
1686 4483 1761 4537 sub-

65 4591 142 4630 ouus
158 4580 228 4641 erat,
244 4575 274 4628 io
291 4572 458 4646 sagittando
471 4572 676 4644 peritissimus,
692 4574 886 4646 injaculando
940 4580 1108 4650 tertagerat,
1123 4578 1248 4633 ollerene
1268 4574 1485 4632 excusationem
1510 4589 1595 4630 suem
1624 4576 1653 4629 et
1673 4571 1761 4627 inno-

62 4667 162 4720 haetas
173 4668 201 4719 et
212 4663 350 4719 universa
361 4661 418 4718 tela
428 4661 537 4731 tortior,
556 4661 606 4733 qul
623 4662 740 4732 quidem
756 4668 883 4736 stragem
939 4670 1066 4724 centiam
1081 4671 1254 4739 separatum
1265 4664 1388 4737 probare
1399 4677 1497 4719 coram
1511 4677 1579 4734 roge
1590 4670 1615 4719 et
1629 4661 1761 4733 patribus

64 4752 218 4809 mortalem
244 4751 402 4806 laceratio
428 4750 536 4805 hostes.
554 4750 608 4816 Qui
635 4767 701 4807 oum
731 4751 884 4824 lugerem
939 4757 1032 4829 regni.

62 4842 176 4898 civibus
193 4839 352 4912 requisitus
368 4844 413 4896 est
427 4839 567 4908 diluculo,
582 4843 610 4894 et
625 4854 676 4910 per
689 4845 782 4895 totum
799 4841 882 4897 illum
973 4849 1018 4903 82.
1033 4845 1139 4903 Octavo
1155 4842 1299 4900 Kalendas
1314 4839 1432 4913 Aprilis,
1447 4839 1519 4896 lesia
1530 4844 1621 4908 sexta,
1638 4841 1760 4894 Annun-

63 4948 120 5002 quo
136 4932 250 5001 fugerat
265 4930 353 4984 diem.
369 4928 453 4996 Nam,
471 4943 487 4982 a
501 4928 574 4983 turri
596 4942 663 4984 oum
679 4944 710 4984 se
727 4929 882 5002 iuraretur,
938 4937 1021 4992 tiatio
1032 4935 1160 5000 Domini,
1176 4932 1336 5005 quostiam
1352 4928 1399 4987 die
1415 4945 1521 5003 pessus
1535 4934 1581 4985 est
1595 4929 1753 4984 Dominus.

98 5067 170 5137 (177)
186 5066 237 5121 llic
251 5069 296 5121 est
317 5061 513 5120 Theodericus
537 5060 668 5119 Alaatius
691 5062 883 5121 consobrinus
929 5055 935 5066 ’
973 5061 983 5133 (
990 5060 1047 5132 170)
1062 5057 1198 5118 Solidars'i
1212 5054 1281 5113 dicti
1300 5056 1419 5125 milites,
1432 5060 1482 5113 aut
1506 5054 1583 5127 quod
1596 5051 1632 5110 iis
1648 5050 1759 5110 solidus

62 5137 93 5193 B.
110 5138 214 5204 Caroli,
232 5135 308 5208 quod
323 5135 410 5191 ambo
427 5151 461 5191 ea
476 5134 591 5190 duabus
616 5136 777 5205 sororibus,
788 5135 883 5209 iisque
938 5148 989 5204 pro
1003 5133 1148 5204 stipendio
1158 5132 1287 5197 deretur,
1297 5135 1433 5186 autcerte
1443 5126 1590 5199 stipendio
1600 5124 1761 5184 solidaren-

63 5209 181 5266 Roberti
197 5209 282 5265 Frisii
299 5208 427 5273 filiabus,
443 5211 544 5262 essent
560 5207 704 5279 prognati.
939 5217 994 5260 tur.
1011 5202 1135 5260 Consule
1151 5201 1296 5259 lloeeium.

96 5281 231 5353 (titillo
247 5280 316 5335 hino
342 5280 447 5334 labella
469 5283 564 5333 exorta
581 5278 617 5332 de
639 5278 794 5334 lamberto
810 5283 882 5362 Nep·
974 5268 1763 5348 (lddtl'rolalphusoestellenoebergensissnhscripsit

61 5354 112 5425 pin
128 5363 208 5424 patre
234 5349 380 5408 Boreiardi
404 5351 480 5404 intes
503 5348 659 5420 coruplicee
688 5350 831 5407 recensito
853 5367 883 5406 ιιι
939 5346 1047 5403 litteris
1061 5346 1094 5403 B.
1110 5342 1203 5401 caroli
1218 5359 1295 5399 enno
1311 5342 1391 5403 1¹21.
1405 5344 1479 5403 lluio
1502 5341 1646 5403 successit
1666 5341 1762 5400 Glsel-

60 5422 224 5551 rtonaligus
237 5421 411 5551 aengannim,
423 5418 884 5494 cornutapneamartonisaes
939 5420 1055 5491 bertus,
1072 5431 1163 5490 nepos
1184 5414 1369 5476 traditorum.

59 5511 134 5573 Joro,
151 5511 276 5572 arasque
1044 5510 1048 5515 ·
