3796 6000
54 240 131 303 1391
563 237 664 303 USUS
686 233 844 298 onustus
866 233 1044 300 GISTERO.
1061 269 1099 286 -·
1120 237 1221 301 etus
1244 237 1270 300 1.
1684 235 1763 299 1198

53 375 149 448 ipsius
164 374 231 431 iibri
247 373 335 448 paulu
349 378 417 432 ante
429 373 731 431 abitiominicanocts
745 372 780 428 ed
796 368 877 444 vigi·
891 372 920 442 Α
933 376 993 443 tur,
1008 371 1186 431 secretarius
1197 371 1457 447 analogiumqnod
1473 371 1537 444 ipse
1554 374 1621 428 ante
1629 371 1759 428 'tertium
1875 414 1877 419 ¹

54 465 109 522 lias
121 472 224 523 octava
236 465 332 521 Lectio
343 464 582 532 finemteceritnd
597 469 641 521 eet
656 462 746 521 Videte
762 462 879 518 Verbum
931 461 1084 519 collocavit
1099 463 1129 519 iu
1154 462 1283 537 capituto
1298 478 1365 520 uum
1389 466 1469 519 textu
1490 459 1715 533 hraugeliorum
1730 467 1760 518 et

56 555 177 612 Domini.
188 554 320 629 Nunqnid
339 553 463 612 solitudo
479 556 569 626 {nctus
584 570 654 610 snm.
670 554 706 610 tit
720 553 756 608 ab
771 567 806 608 eo
816 550 879 607 locu
932 552 1017 620 stole,
1032 554 1067 610 ed
1083 552 1180 612 locum
1197 554 1246 611 ubi
1262 554 1406 610 diaconus
1420 552 1612 624 Evangelium
1628 551 1760 608 lecturus

55 640 880 717 desinaetcantordeittapropheticeseoundnmiungitu-
932 648 986 711 est,
998 643 1128 702 deteret:
1145 646 1199 701 hoc
1214 650 1259 702 est
1287 651 1356 701 ente
1387 643 1496 700 aetium
1520 641 1659 699 eeclesia.
1676 640 1761 697 Circs

55 735 154 791 dinem
171 735 214 790 vet
231 735 401 791 brevitatem
413 733 542 790 noctium
566 750 619 806 per
639 745 880 804 unumquemque
932 730 1018 788 tinem
1035 734 1134 806 itaque
1149 734 1302 791 antedicta
1318 732 1483 804 antiphona
1499 732 1565 801 Aoo,
1581 747 1631 788 rec
1652 733 1758 799 noster,

54 819 879 896 anuumquantumexistimaveriteutiicerepusseadhoc
932 821 1073 881 dianonus
1088 839 1204 882 crucem
1220 828 1351 881 sanctam
1363 822 1547 880 subdiacono
1559 818 1757 895 porrigetoui

53 918 132 986 quod
149 915 261 971 dictum
274 919 329 970 eet.
341 913 395 971 Ubi
411 917 507 969 autem
524 920 634 981 partem
652 910 734 969 ittam
746 925 803 966 non
820 907 878 965 uisi
931 912 1760 987 etipseinterimsubdisconusequsmbenedictaminsscm

54 1005 84 1060 in
101 1003 223 1060 ecclesie
238 1000 588 1076 tegendam,judioarertt
602 999 775 1068 finiendam,
792 996 880 1055 iaciat
930 1008 1015 1074 ponat
1025 1002 1095 1076 (23).
1111 1004 1183 1059 Cum
1199 1017 1265 1059 veru
1281 1001 1356 1060 stote
1372 1002 1498 1060 amictus
1514 1003 1658 1059 diaconus
1669 1001 1758 1058 tuerit

53 1095 148 1167 ipsam
164 1094 211 1150 die
223 1093 374 1151 hominio·
386 1109 445 1164 qua
458 1092 524 1165 ipsa
539 1090 691 1164 prophetia
707 1089 743 1145 ad
759 1087 879 1159 vigiliae
931 1105 1036 1162 perum
1052 1108 1083 1149 se
1098 1093 1241 1149 movendo
1256 1093 1292 1149 ah
1308 1092 1452 1166 analogio,
1465 1092 1501 1149 ab
1517 1093 1622 1149 abbeie
1636 1092 1755 1149 benedi·

54 1185 182 1257 iucoepte
200 1188 255 1252 est,
271 1182 301 1238 in
315 1181 465 1238 retentoria
478 1180 625 1237 inchoari:
640 1177 877 1251 perleutatcmsu
931 1183 1145 1258 ctionempctet
1157 1185 1502 1255 :etposteavereuscirca
1514 1186 1656 1243 orientem
1663 1186 1757 1244 tirsu-

54 1272 263 1344 priushornitiu
273 1272 350 1328 betti
361 1270 493 1343 Gregorii
501 1287 581 1343 pttpdt
589 1269 624 1325 dd
635 1265 878 1340 Evangelio,Qttt'5
930 1272 1040 1346 galium
1056 1275 1144 1348 logni,
1156 1274 1337 1332 subdiacono
1353 1279 1421 1332 pube
1433 1291 1501 1331 eum
1519 1291 1584 1332 oum
1599 1290 1685 1333 prum
1705 1290 1757 1332 pp.

53 1380 89 1420 eoo
104 1364 179 1419 nobis
194 1371 297 1431 crpnet
309 1377 353 1417 mc
366 1361 400 1416 dc
412 1364 532 1432 peccato,
543 1362 572 1416 et
582 1363 770 1430 percurratur
783 1370 877 1428 utque
928 1367 1029 1420 tante:
1046 1369 1072 1420 et
1090 1366 1125 1421 ad
1141 1369 1317 1423 conventum
1328 1363 1443 1422 vultum
1453 1380 1537 1422 snum
1554 1365 1755 1434 hebenteouu

56 1445 876 1522 adtinemtihri:procurausanteumaiautiairnietos
929 1453 1173 1527 poriontostolnm
1189 1455 1315 1528 deponat
1329 1460 1487 1512 storacem
1501 1454 1638 1528 recipiat:
1669 1459 1755 1528 atquo

57 1543 212 1599 diestotue
231 1540 493 1614 liberpertegatur.
929 1543 1127 1601 subdiaconus
1159 1558 1267 1617 aquam
1293 1543 1478 1601 benedictum
1502 1547 1643 1601 resumat.
1672 1544 1756 1602 Tuuu

356 1630 473 1688 CAPUT
484 1628 571 1686 lel.
928 1632 1351 1691 eticmccuvsntusstetrersis
1366 1632 1496 1690 vultibus
1506 1633 1754 1693 adinvicemnuo

256 1721 331 1782 Ordo
343 1724 374 1777 in
388 1721 480 1777 Remis
497 1720 669 1776 Potmorssm.
890 1728 1026 1816 Beatam
1042 1723 1159 1791 tratres,
1176 1723 1226 1796 qui
1238 1723 1302 1795 tam
1323 1726 1474 1780 auantore
1503 1723 1669 1796 premuniti
1687 1739 1756 1781 esse

89 1810 243 1870 Dominica
255 1812 285 1867 in
300 1808 411 1866 Pataris
426 1811 463 1865 sb
478 1809 584 1865 abbate
596 1805 777 1864 exorditmtts
794 1819 875 1877 tutto
931 1813 1049 1882 dehent,
1059 1811 1233 1869 circsttuem
1248 1811 1396 1887 Evangelii
1411 1811 1564 1869 ecclesium
1577 1811 1706 1868 intrent:
1722 1816 1752 1869 et

51 1908 175 1976 agatur:
192 1902 297 1959 derude
308 1903 424 1957 tertium
437 1901 500 1971 ipse
514 1898 644 1970 incipiet.
660 1896 724 1961 Qut
738 1894 878 1960 unisono·
931 1902 1033 1958 clausu
1044 1901 1119 1959 ostio
1132 1905 1243 1958 euntes
1263 1917 1347 1958 versa
1363 1901 1436 1959 tecte
1460 1901 1496 1958 ud
1524 1901 1754 1975 processionem,

51 2001 136 2065 cepta
153 1989 291 2064 pastorali
306 1991 398 2062 virga,
410 2005 501 2061 cuper
515 1985 686 2060 presbyterii
701 1983 823 2059 predum
834 1999 878 2040 n-
931 1991 1040 2048 venus
1056 1990 1234 2059 annotans,
1250 1991 1292 2047 uu
1303 1991 1334 2047 in
1356 1989 1432 2048 libro
1446 1991 1574 2048 ordinati
1600 1993 1670 2047 sunt
1685 2006 1754 2048 osn-

54 2084 159 2138 borum
176 2097 283 2149 ramus,
299 2084 365 2135 aute
380 2078 483 2136 horam
498 2076 615 2133 tertium
631 2092 649 2131 a
664 2072 821 2133 secretario
836 2071 877 2129 ibi
931 2081 1119 2146 teutonibus
1134 2080 1226 2138 fluitis
1240 2080 1314 2137 eteb
1329 2079 1440 2137 eisdem
1453 2080 1595 2138 iratribus
1609 2079 1755 2154 principio

56 2166 718 2241 iuratosbenedicet,etposteraquebenedicta
729 2166 875 2238 asperget.
931 2170 1100 2227 eorumdem
1115 2168 1264 2228 Versunm
1279 2169 1375 2227 Gtoric
1387 2170 1448 2227 toas
1463 2171 1595 2243 repetitu,
1611 2174 1757 2228 reverten-

56 2253 877 2335 Quibuspeructis‚cnnturpostqusmremumabbatiub·
931 2263 980 2315 tur
994 2262 1032 2315 ad
1048 2259 1249 2333 procesiunem
1262 2275 1269 2315 :
1281 2265 1310 2318 et
1324 2263 1406 2317 stent
1432 2260 1461 2316 iu
1488 2260 1592 2317 ordine
1621 2275 1686 2318 suo.
1707 2256 1756 2316 His

56 2352 162 2419 tuterit,
189 2350 311 2423 incipiat
335 2349 546 2423 Antiphonem,
569 2346 656 2405 Pueri
678 2344 874 2404 hebraeorum:
931 2351 1021 2424 igitur
1031 2351 1155 2422 peractis
1166 2350 1284 2408 inchoet
1298 2352 1388 2407 ebbae
1403 2351 1645 2425 Responsorinm,
1659 2352 1753 2423 inpre-

55 2458 182 2514 moxque
206 2442 380 2497 secretarius
394 2456 463 2497 cum
490 2438 596 2496 solatio
610 2453 675 2507 suo,
690 2434 836 2508 atquibus
860 2450 879 2490 s
931 2440 1024 2497 dicate
1038 2439 1154 2498 domim
1168 2457 1175 2496 :
1191 2447 1220 2498 et
1234 2440 1387 2498 ecetesiam
1403 2457 1504 2498 omnes
1514 2441 1588 2499 illud
1608 2440 1754 2499 cautando

54 2532 151 2604 priore
160 2532 277 2601 jussum
292 2527 670 2598 suerit,remushenediutoe
685 2523 878 2583 monachicae
931 2530 1051 2589 intrent.
1069 2531 1178 2588 Remus
1193 2547 1310 2604 quoque
1326 2531 1552 2604 quaemanibus
1579 2536 1696 2604 gestant
1709 2530 1757 2589 tu-

55 2621 175 2679 novitiis
190 2619 504 2691 distributi,tsiiquum
518 2625 630 2691 partem
644 2615 784 2672 tratribus
795 2613 878 2687 laici.
931 2623 1043 2677 inantea
1052 2618 1174 2677 chorum
1182 2635 1273 2694 super
1281 2621 1403 2693 gradum
1412 2619 1584 2694 presbyterii
1595 2620 1756 2694 deponent,

53 2717 81 2767 et
97 2710 214 2766 familie
230 2726 263 2767 ac
279 2708 443 2780 hospitibus
458 2707 484 2762 si
506 2705 655 2763 adfuerint
670 2705 808 2777 porriget.
825 2703 877 2759 Iu·-
932 2725 1003 2783 qens
1017 2709 1194 2768 secretarius
1208 2710 1351 2767 contiuuo
1370 2711 1493 2768 auferat.
1511 2709 1565 2767 Ubi
1581 2726 1647 2767 rere
1661 2709 1758 2768 diecu-

56 2804 142 2857 tet'im
168 2805 327 2873 prenotata
352 2796 520 2870 Antiphone
544 2796 788 2866 finite,cantetur
808 2792 877 2862 alis,
932 2813 989 2854 nus
1017 2813 1135 2855 erucem
1151 2799 1298 2872 deposuit,
1322 2802 1497 2871 uequepost
1525 2798 1755 2871 completorium

53 2891 140 2946 Pueri
154 2890 340 2947 Hebraeorum.
932 2888 1116 2961 discooperta
1126 2887 1167 2943 ibi
1179 2893 1335 2944 remanent.

86 2981 216 3052 Hisergo
227 2981 267 3036 ite
278 2975 597 3049 ordinatis,iucipiente
608 2978 726 3032 cantore
736 2971 877 3038 Antipho·
969 2976 1069 3033 Postea
1080 2977 1172 3033 misse
1181 2976 1345 3034 celebretur
1358 2976 1474 3034 aientia
1491 2975 1756 3049 uutetiuuiusepu·

52 3087 132 3135 nam,
150 3070 301 3127 Occurrant
315 3069 494 3134 intimarent
512 3064 714 3122 subdiaconus
724 3078 878 3134 cumaqua
932 3065 1011 3123 stoli.
1030 3065 1065 3121 lit
1079 3065 1232 3122 sciendum
1247 3066 1326 3138 qnod
1342 3066 1378 3122 ed
1393 3066 1596 3139 processiones
1607 3082 1669 3138 quer
1680 3067 1757 3124 flunt

54 3161 215 3227 benedicta,
231 3159 427 3230 subsequente
443 3156 565 3212 diacono
581 3171 648 3211 cnm
662 3168 748 3210 cruce
762 3153 877 3210 discoo-
896 3131 985 3230 Cper
997 3153 1172 3221 claustrum,
1188 3154 1342 3212 conticeat
1360 3154 1528 3227 hospitibus
1542 3156 1693 3225 interesse,
1704 3171 1756 3213 nec
1857 3214 1860 3223 ,

55 3253 147 3319 perta,
163 3262 248 3315 quem
266 3245 467 3316 subsequatur
481 3246 641 3299 conventus
655 3256 689 3299 eo
703 3241 805 3298 ordine
819 3257 878 3313 quo
932 3244 969 3302 ad
982 3259 1132 3302 sermones
1141 3243 1172 3300 in
1187 3243 1349 3317 capitutum
1361 3243 1541 3312 miraremini
1557 3243 1658 3317 atique
1668 3244 1757 3300 tuerit

53 3338 156 3393 stetin
179 3336 267 3392 choro
287 3334 367 3391 laicis
388 3332 541 3390 monachis
557 3333 766 3404 preeuntibus,
781 3332 824 3389 ita
846 3336 880 3389 ut
932 3342 990 3392 tem
1006 3333 1164 3390 reverenda
1179 3348 1304 3405 persons
1318 3333 1365 3390 cui
1381 3332 1435 3389 hou
1451 3333 1579 3404 permitti
1601 3332 1758 3391 deceatht

54 3427 197 3484 ebbuevet
205 3427 341 3483 sacerdus
352 3424 598 3482 hebdomadarius
608 3423 633 3480 si
641 3425 734 3481 abhas
743 3423 877 3491 deluerit,
933 3424 1009 3480 heac
1019 3424 1217 3496 septimanam
1229 3423 1265 3479 de
1280 3422 1437 3495 Evangelio
1447 3422 1547 3479 nullus
1562 3423 1704 3479 diaconus
1712 3438 1757 3479 se·

54 3524 102 3576 eut
117 3519 270 3590 posterior,
286 3521 314 3573 et
327 3521 392 3588 poet
421 3516 519 3588 ipsum
538 3513 651 3586 novitii,
672 3517 740 3586 post
753 3513 879 3571 novitios
932 3515 1063 3571 cundum
1078 3512 1211 3570 ordinem
1226 3511 1361 3583 accipiat,
1378 3527 1431 3569 nec
1445 3513 1582 3569 sacerdos
1596 3511 1757 3570 hebdomu·
1848 3541 1850 3545 ·

54 3627 125 3666 vero
141 3609 206 3664 laici
219 3610 322 3664 iratres
334 3623 342 3663 ι
356 3612 385 3663 et
400 3607 450 3663 tint
460 3607 606 3678 processio
617 3610 730 3663 tentum
743 3620 795 3676 per
802 3605 881 3663 clau·
933 3606 999 3662 dam
1014 3603 1111 3660 missa
1123 3620 1130 3660 :
1143 3602 1194 3659 sed
1205 3602 1313 3675 quibus
1323 3608 1427 3659 ceatur
1436 3600 1497 3658 hec
1507 3602 1604 3658 atticis
1613 3601 1644 3658 iu
1657 3601 1759 3659 tabule

55 3698 247 3756 strumPrior
259 3702 357 3754 autem
374 3696 523 3768 provident
538 3711 572 3751 ne
587 3694 658 3766 qnid
672 3696 880 3752 inconveniens
933 3692 1056 3752 consilio
1071 3691 1186 3749 abbatis
1201 3691 1429 3750 commendabit.
1446 3690 1606 3748 diaconum
1617 3691 1756 3749 tamenin

55 3789 217 3846 inveniatur
233 3787 262 3842 in
274 3787 413 3854 claustro,
427 3785 498 3840 dum
523 3783 579 3839 ista
594 3784 740 3856 processio
760 3784 805 3841 ret
821 3785 880 3841 atie
932 3785 1071 3850 Sabbata,
1088 3781 1114 3838 si
1129 3797 1249 3839 necesse
1265 3781 1362 3848 tuerit,
1379 3785 1494 3837 mutare
1506 3780 1616 3838 licebit.

55 3879 84 3934 in
98 3877 301 3934 Puriticatione
314 3873 359 3931 vel
371 3875 401 3931 in
416 3871 594 3930 Asueusioue
603 3872 813 3945 agitur.Finita
822 3880 881 3930 Aa·
1226 3870 1345 3926 CAPUT
1355 3869 1451 3934 xviii,

57 3967 192 4039 tiphoea,
222 3966 374 4023 Occurrant
407 3964 507 4029 turber,
538 3960 680 4034 incipitur
712 3961 881 4034 Aritiphons
1054 3958 1190 4029 Quomodo
1216 3957 1382 4028 incipienda
1403 3960 1466 4013 sunt
1481 3958 1637 4016 Passiones.

57 4057 249 4126 conceperunt:
268 4061 301 4111 tit
313 4060 382 4109 tum
400 4053 459 4109 hac
475 4051 591 4108 canitur
606 4051 656 4108 fiat
684 4052 777 4124 prime
791 4053 880 4109 statio
968 4051 1009 4107 td
1026 4048 1193 4107 Passionem
1208 4063 1278 4104 vero
1290 4047 1381 4119 hujus
1396 4047 1506 4115 misere,
1520 4051 1549 4104 ct
1563 4048 1695 4106 Dominus
1708 4062 1759 4106 ou·

59 4149 86 4202 in
103 4156 184 4218 parte
199 4163 263 4217 qua
276 4150 371 4202 exstat
382 4146 468 4216 juxta
487 4142 703 4199 dormitorium.
719 4141 779 4207 Qus
797 4142 881 4200 haita
934 4141 1080 4205 hiscum,et
1096 4138 1265 4203 diorictibi,
1276 4136 1525 4205 dominemieitur.
1538 4137 1580 4193 Ad
1601 4139 1758 4196 Passiones

57 4248 87 4293 et
103 4244 235 4309 nqanatc
267 4252 332 4290 mox
360 4250 457 4294 versu.
474 4233 549 4290 Unus
576 4235 679 4298 nutem,
696 4237 830 4288 moveant
849 4247 881 4290 ss
934 4230 1011 4287 teria
1027 4227 1118 4285 tertis
1132 4232 1160 4283 et
1176 4226 1254 4283 iuris
1268 4225 1525 4298 quartusdecimus
1535 4225 1674 4285 uobiscum
1684 4227 1758 4285 dici·

58 4328 161 4384 iratres
175 4328 211 4381 ab
226 4326 277 4382 itio
299 4324 382 4381 locu:
406 4334 434 4380 et
459 4328 562 4392 cuntur
587 4323 670 4391 iaxta
694 4322 879 4378 refectorium
933 4325 982 4377 tur
1003 4316 1170 4374 :sethoric
1181 4317 1361 4384 anthonius
1377 4332 1434 4372 uun
1450 4315 1759 4375 dicitur.Periuautem

56 4419 144 4475 statio
160 4417 299 4473 secunda.
317 4415 361 4471 td
377 4415 578 4485 repetitionem
595 4428 662 4468 vero
684 4411 773 4479 huius
796 4413 879 4469 Auti-
935 4420 1020 4467 sexta
1035 4406 1228 4465 necheminss
1242 4407 1446 4473 uobiscummec
1456 4405 1549 4464 Gtorin
1563 4405 1758 4478 tibitiomine,

59 4510 172 4578 phone,
189 4507 300 4565 scilicet
315 4503 387 4574 Quid
401 4505 521 4575 scotinus
536 4501 659 4575 paiobic
671 4501 762 4569 tonso,
779 4517 877 4574 proce·
893 4502 917 4570 1)
933 4498 1089 4557 dicitur.th
1103 4498 1222 4570 qnando
1237 4513 1295 4553 non
1306 4495 1459 4552 diciturad
1477 4495 1645 4553 Passionem
1657 4495 1759 4554 Gloria

57 4601 143 4655 datur
159 4600 194 4653 nd
208 4597 343 4654 ultimam
359 4593 769 4663 statiuaemJuxtaecciesiam
783 4617 791 4651 ι
807 4598 836 4649 et
850 4593 880 4650 in
935 4591 987 4649 tibi
997 4592 1129 4648 Domine:
1142 4606 1199 4646 aon
1215 4606 1247 4645 se
1271 4589 1409 4643 muniunt
1425 4588 1528 4643 iratres
1543 4587 1629 4659 signu
1652 4585 1758 4644 crucis.

59 4703 235 4759 unaqueque
251 4687 375 4743 statione
391 4684 532 4740 diaconus
554 4687 583 4738 et
611 4682 811 4739 subdiaconus
828 4683 881 4740 he·
1242 4676 1356 4734 CAPUT
1371 4675 1445 4731 iiix.

57 4777 145 4834 beant
165 4778 266 4831 vultus
281 4789 351 4831 suos
380 4787 480 4827 versus
503 4774 533 4827 et
559 4785 676 4826 crucem
700 4787 816 4829 versem
845 4772 881 4827 ad
1114 4769 1150 4825 Do
1171 4766 1246 4842 ferio
1259 4771 1441 4839 paciscente
1459 4765 1580 4823 Pcscbc.

58 4870 278 4932 conventumet
294 4868 323 4919 in
338 4861 516 4918 ambulando
531 4863 560 4916 st
574 4860 602 4914 in
615 4859 884 4917 standosubdieco·
972 4858 1168 4930 Feriuouarta
1179 4862 1247 4913 ante
1258 4855 1369 4912 Pascha
1379 4853 1598 4928 postVeeperus
1611 4854 1761 4928 regulares

59 4972 114 5011 nus
129 4961 196 5009 sate
212 4953 370 5009 diaconum
384 4948 563 5007 ettennon
579 4947 683 5005 ultima
697 4949 825 5005 statione
836 4949 884 5005 iu·
937 4949 1068 5006 uiticium
1085 4964 1137 5020 pro
1153 4945 1300 5004 defunctis
1311 4961 1377 5001 cum
1389 4943 1453 5001 suis
1466 4945 1643 5017 Antiphonis
1653 4950 1682 5002 et
1695 4945 1757 5003 Cot·

60 5044 187 5116 cipieute
199 5048 328 5107 cantore,
344 5041 407 5109 Aeo,
422 5054 473 5095 rec
487 5044 580 5095 nostor
590 5037 634 5108 fiii
650 5038 745 5107 Dauid,
761 5038 884 5097 inutiuet
938 5038 1021 5094 tectis
1031 5035 1107 5094 sicut
1122 5035 1190 5092 eliis
1204 5035 1309 5093 diebus
1335 5034 1461 5090 dicatur.
1477 5033 1596 5092 Curtius
1610 5033 1668 5109 (2⁴)
1693 5037 1761 5108 pust

59 5136 94 5190 ad
111 5147 228 5188 crucem
244 5133 407 5186 conventus
421 5127 547 5201 genibus
559 5132 588 5184 et
603 5128 740 5186 manibus
755 5128 783 5185 in
800 5133 880 5187 terra
937 5126 1164 5200 completorium
1178 5125 1338 5183 suferetur.

57 5224 181 5297 posities
196 5219 431 5278 etumneeerecti
448 5216 586 5290 deinceps
599 5223 679 5275 stent
693 5217 825 5277 conuersi
839 5219 877 5276 ad
1254 5213 1369 5272 CAPUT
1383 5213 1445 5271 XX.

61 5328 178 5370 crucem
191 5325 284 5383 usque
296 5308 366 5365 dum
384 5305 550 5379 incipiatur,
568 5306 672 5373 Gloria,
685 5307 756 5364 bus.
972 5311 1011 5367 tis
1026 5309 1111 5365 Coenc
1123 5305 1267 5364 Dominict
1282 5306 1430 5362 Puruscssc
1443 5313 1469 5361 ct
1480 5302 1587 5373 Vipiiic
1597 5305 1723 5364 Poscbae.

93 5402 205 5458 luteren
221 5401 291 5455 dum
308 5396 369 5452 huc
394 5395 559 5468 Antiphone
572 5397 626 5452 Aac
636 5411 687 5453 rec
700 5401 791 5455 noster
805 5397 885 5456 ceni·
974 5397 1054 5454 Ferte
1069 5396 1174 5470 quinta
1188 5403 1257 5454 ante
1272 5395 1383 5452 Pascha
1394 5394 1531 5466 usquead
1543 5394 1645 5451 terium
1656 5410 1760 5451 secun·

93 5508 268 5581 123>1cssnm
277 5503 626 5576 seniassomponct,idem
634 5509 720 5563 estse
728 5503 760 5563 in
771 5510 882 5565 terram
972 5506 1027 5578 (ct)
1042 5502 1155 5561 cortina
1169 5501 1198 5558 id
1213 5507 1258 5558 est
1274 5501 1375 5560 Vatum
1390 5500 1469 5569 nunu
1484 5503 1616 5571 tempore
1630 5500 1762 5566 Ouedra·

65 5582 200 5655 deponat.
937 5580 1053 5654 gestare
1077 5584 1145 5634 ante
1178 5576 1272 5649 majus
1287 5575 1377 5633 attare
1391 5589 1554 5648 expansum
1569 5575 1758 5649 pependerat.
