3796 6000
1 185 166 259 .lffl³

87 348 170 405 Tunc
182 345 237 401 nisi
254 342 387 415 palantes
407 339 630 410 obliquarentur
643 334 740 401 ocelli,

124 435 191 489 Mox
206 430 389 487 exhausisset
405 427 505 485 omnia
517 426 605 482 verba
621 425 703 481 mibi.

90 523 223 594 Gorgone
236 523 392 589 conspecte
406 515 598 589 quamplures
621 513 826 571 destituuntur

125 609 233 666 Taliter
247 626 265 665 e
279 606 405 680 propriis
420 605 556 678 protinus
574 603 689 660 ciliciis.

90 705 128 758 Iit
142 715 240 756 coram
252 698 331 753 (ilrca
345 696 388 753 siu
404 694 489 750 multi
506 693 662 764 diriguere.

126 788 189 848 lion
205 787 314 844 etenim
330 788 465 857 poterant
475 782 589 839 lumina
602 784 676 837 ferre
691 780 760 835 dare.

89 879 143 935 Vix
157 878 221 934 ideo
236 876 308 943 uidi,
318 875 427 930 vidisse
441 877 539 928 mmen
555 870 738 938 reminiscor,

124 973 162 1025 Ut
172 965 346 1023 reminiscor
360 977 413 1033 ego
424 961 537 1017 somnia
546 960 608 1016 uisa
621 958 705 1014 mibi.

88 1059 135 1114 Sic
151 1072 197 1110 me
210 1070 287 1125 sape
303 1069 408 1108 nouam
425 1050 526 1105 lunam
542 1049 650 1106 vidisse
666 1048 812 1115 usuardus,

124 1145 176 1201 Vel
191 1145 262 1198 dum
278 1141 325 1198 via
339 1140 420 1196 video
437 1154 519 1195 meua
533 1136 631 1192 videre
647 1142 728 1206 puto.

87 1235 143 1291 Vix
156 1235 253 1306 ipsam
268 1230 393 1296 uidi,sed
409 1229 486 1287 sieut
498 1232 526 1283 et
536 1226 600 1298 ipse
610 1226 747 1280 recordor

126 1323 220 1380 Dianas
237 1320 349 1391 speeies
364 1316 552 1373 anteferenda
567 1331 620 1371 sua
635 1318 690 1370 est.

144 1411 183 1467 Ad
197 1409 332 1477 eumdem,
348 1422 397 1479 pro
420 1423 507 1478 coppo
521 1421 605 1478 quum
615 1404 671 1461 sibi
684 1407 861 1475 promiserat.

90 1506 183 1571 Quam
199 1506 275 1572 pcto,
289 1513 378 1570 quam
394 1495 477 1568 petii,
492 1494 517 1550 ai
533 1494 649 1558 reddes,
665 1493 765 1559 Adele,
781 1508 916 1565 cappam,

40 1596 43 1601 '
91 1594 160 1658 oute
179 1591 280 1645 deceat
294 1588 423 1653 dantem,
440 1586 540 1640 deceat
550 1583 639 1641 siruul
656 1582 865 1654 accipientemi

635 124 1035 241 smnnrer'uonunus
1057 170 1241 235 incarne.

1727 164 1795 233 iffi

922 330 1058 405 AOlt'eru
1074 348 1120 388 me
1136 348 1189 404 pro
1202 347 1289 404 posse
1304 347 1378 402 meo,
1399 329 1443 387 vel
1459 329 1485 387 si
1501 331 1604 401 placet
1619 326 1715 387 ultra.

964 421 1068 477 Audivi
1084 422 1242 493 quemdem
1258 425 1287 477 ta
1310 420 1471 478 detinuisse
1486 433 1637 488 sororem,

965 509 1056 581 Cujus
1069 508 1147 567 fama
1163 526 1243 566 meas
1263 510 1420 580 aliquando
1438 507 1565 582 perculit
1580 523 1677 563 aures

965 597 1077 657 Numen
1092 599 1130 657 sil
1145 599 1288 671 elapsum,
1300 599 1406 655 vidisse
1421 603 1519 655 tumen
1533 595 1729 652 reminiscor.

964 689 1134 759 Bajccenais
1150 690 1275 754 eral,sed
1291 693 1363 746 lunc
1378 692 1440 745 eret
1455 684 1699 758 andegavensis,

965 777 1069 847 Quum,
1086 777 1137 836 tibi
1154 778 1179 834 si
1195 777 1319 851 placeat,
1336 781 1436 833 nostre
1451 776 1487 833 de
1503 780 1588 847 perta
1602 772 1721 841 saluta,

966 867 1061 938 Atque
1078 865 1148 921 mihi
1166 882 1272 923 nomen
1288 865 1414 923 rescribe
1428 870 1576 936 tuumque
1587 878 1755 933 suumque.

1244 956 1361 1013 deduce
1376 956 1512 1023 liutgario.

967 1045 1018 1101 Cui
1036 1046 1166 1117 probitas
1183 1049 1275 1116 patris
1289 1044 1401 1116 peperit
1417 1044 1553 1101 bellando
1571 1043 1731 1109 ducatum,

967 1134 1057 1199 Quem
1074 1151 1228 1207 pax,qucru
1245 1135 1376 1207 probitas
1391 1134 1465 1206 patri
1481 1150 1534 1189 sua
1550 1131 1654 1191 mulla
1665 1135 1792 1203 coequat

967 1224 1061 1291 Salve,
1078 1225 1191 1296 chcri,
1208 1225 1329 1296 lurrgum
1350 1224 1409 1279 dex
1424 1221 1544 1292 inclyte,
1560 1220 1658 1289 salua,

968 1313 1004 1369 Ul
1015 1313 1139 1385 speciale
1155 1313 1206 1371 tlbi
1222 1313 1302 1370 salve
1330 1314 1374 1369 fau
1389 1311 1573 1385 Burguliani.

968 1403 1102 1458 litamen
1113 1403 1275 1473 anticipant
1290 1407 1406 1459 nostrus
1421 1406 1471 1458 tue
1486 1401 1566 1458 fecta
1580 1399 1711 1459 colonos

967 1495 1102 1562 Namque
1117 1495 1200 1548 tuum
1218 1507 1324 1547 nomen
1339 1496 1431 1549 tutum
1448 1489 1587 1561 vulgatur
1601 1488 1636 1545 in
1652 1491 1765 1557 orbem,

969 1580 1020 1636 Vel
1036 1582 1106 1652 quie
1125 1581 1236 1637 militie
1250 1581 1397 1652 stipendia
1411 1579 1510 1637 fundis
1525 1580 1642 1650 opima,

89 1680 177 1736 Nulla
194 1679 263 1732 mibi
282 1675 387 1746 major,
403 1673 507 1729 melior
524 1672 597 1731 mibi
614 1672 721 1727 femina
733 1671 826 1739 nulla,
931 1669 1020 1773 „Vel
1035 1669 1105 1741 quie
1119 1675 1226 1726 tractas
1240 1684 1303 1727 rem
1319 1668 1470 1727 consultus
1486 1668 1575 1726 bomo
1586 1667 1773 1741 popularem,

90 1769 165 1826 Nam
181 1768 290 1837 Regina
306 1765 377 1820 mibi
394 1768 424 1818 tu
440 1763 493 1817 fres
509 1776 543 1816 ex
557 1760 718 1819 comitissa.

89 1860 128 1912 Te
142 1871 258 1927 quoque
273 1855 413 1923 majorem
430 1850 598 1908 formabunt
611 1851 741 1906 carmina
755 1853 866 1916 nestra,

90 1944 225 2001 Carmine
236 1950 266 1999 tu
284 1947 382 1998 nostro
396 1941 490 1996 latum
504 1938 651 2012 spargeris
667 1939 697 1994 in
710 1938 827 2007 Orbem,

89 2033 128 2091 Ut
141 2039 170 2090 te
186 2049 272 2089 nosse
288 2034 376 2104 queat
391 2033 420 2087 et
433 2029 544 2101 Cyprus
559 2033 587 2085 al
599 2027 706 2085 ultima
722 2027 800 2100 Tyle,

91 2123 251 2195 AElbiopee,
268 2121 343 2191 ludi,
359 2118 491 2186 Getulus,
508 2125 537 2174 et
552 2117 651 2174 insula
665 2134 800 2189 queque.

92 2213 220 2270 Grandia
236 2212 301 2267 diuo
316 2210 445 2282 quidem,
463 2209 514 2265 sed
530 2206 652 2281 grandia
666 2208 761 2263 dicere
776 2207 854 2274 novi,

92 2303 134 2359 Ex
149 2318 207 2372 quo
223 2299 376 2355 materiem
393 2297 465 2353 mihi
481 2296 593 2368 sumpsi
609 2296 646 2353 de
660 2295 820 2354 comitissa.

1 2387 2 2393 ’
97 2391 165 2463 lpse
180 2387 251 2444 mihi
266 2402 396 2454 carmen,
411 2384 555 2441 calamum
572 2383 643 2441 mihi
659 2386 791 2455 suggeris
804 2385 879 2455 ipsa,

92 2486 160 2553 lpse
174 2476 259 2534 dabis
274 2476 372 2546 flatus,
389 2491 421 2531 os
436 2476 501 2545 ipsa
516 2473 642 2544 replebis
658 2473 801 2530 hiulcum.

94 2569 236 2626 Emeritos
252 2564 340 2621 solvis
355 2564 503 2620 mercedes
519 2562 584 2634 ipsa
600 2562 705 2628 Poetis,

91 2658 135 2714 Tu
151 2655 231 2729 cogis
246 2657 326 2710 uetes
347 2652 508 2709 taciturnos
523 2667 588 2708 ease
609 2651 756 2724 loquaces.

91 2748 168 2820 llrgc
182 2749 267 2801 tuum
283 2743 394 2810 llatem,
410 2741 577 2810 comitissa,
593 2741 685 2798 revise
701 2741 882 2813 loquentem,

91 2837 126 2892 Et
140 2834 225 2902 refer,
242 2850 258 2889 o
274 2831 402 2902 domine,
421 2830 558 2887 scribenti
576 2829 695 2901 premia
710 2845 846 2903 cappam,

91 2925 290 2997 Gappsmque
301 2921 457 2994 phrygium
467 2918 595 2976 rutilans
607 2919 792 2977 circumferat
801 2935 918 2987 aurum,

92 3012 221 3087 ‘deppam
234 3027 298 3083 quae
313 3010 441 3083 gemmis
457 3010 604 3065 ambitum
621 3015 724 3080 pectus
741 3009 873 3066 honestet
890 3025 897 3065 :

970 1761 1037 1825 Qua
1053 1765 1110 1816 stat
1126 1760 1211 1815 llrma
1226 1760 1284 1817 tuis
1298 1778 1356 1817 nen
1371 1760 1568 1817 concutienda
1582 1759 1696 1817 diebus
1711 1776 1719 1817 ι

970 1849 1034 1904 Siue
1049 1851 1126 1922 quod
1142 1849 1285 1906 Ecclesiae
1305 1851 1448 1907 immenso
1463 1864 1587 1906 munere
1601 1849 1695 1915 dites,

971 1939 1037 1996 Sive
1052 1940 1128 2010 quod
1144 1939 1250 1997 invites
1266 1940 1320 2000 hec
1337 1944 1508 2012 tempestate
1524 1939 1684 1999 &rucanas

971 2028 1142 2102 Depellitate
1157 2035 1218 2096 tua,
1234 2046 1270 2087 ne
1285 2030 1379 2102 possit
1394 2028 1496 2102 Apollo
1511 2036 1621 2087 lacere.

1216 2122 1254 2178 fle
1266 2122 1405 2178 llustienat
1423 2120 1558 2193 episcopo.

972 2212 1062 2280 Odas,
1076 2229 1093 2269 u
1109 2210 1221 2267 utinum
1237 2212 1284 2266 uui
1299 2211 1457 2267 mittuntur
1472 2209 1638 2285 placituras

1008 2300 1102 2357 Odoni
1118 2317 1224 2375 magno
1239 2301 1334 2372 dirige
1349 2317 1457 2374 parvus
1481 2317 1547 2372 ego,

972 2389 1033 2447 Ode
1048 2389 1219 2460 pontificum
1235 2389 1325 2445 decue
1335 2395 1365 2445 et
1378 2388 1513 2462 specialis
1528 2389 1677 2446 honestas

1007 2477 1170 2534 Consilium
1183 2494 1275 2550 pepe,
1290 2476 1388 2550 regula
1402 2477 1533 2550 justitia.

973 2567 1106 2625 Ecclesia
1122 2568 1220 2634 robur,
1233 2584 1290 2623 non
1306 2568 1500 2624 concutienda
1514 2565 1677 2636 columna;

1008 2656 1097 2712 Mittit
1109 2657 1185 2727 quod
1202 2655 1313 2728 placeat
1325 2654 1520 2729 Burgulianus
1531 2672 1596 2714 ase.

973 2744 1171 2819 Burgulianus
1187 2760 1238 2800 ave
1255 2760 1362 2818 magno
1373 2746 1443 2802 dicit
1457 2743 1645 2818 patriarcba,

1009 2834 1088 2899 Quod
1103 2832 1175 2889 mibi
1192 2832 1325 2890 notitiam
1341 2833 1475 2906 presulis
1488 2834 1624 2891 obtineat

972 2923 1033 2980 ude
1046 2922 1133 2980 wiuo
1144 2939 1209 2979 mea
1224 2923 1296 2978 mibi
1313 2930 1338 2978 le
1353 2923 1511 2980 celebrauit
1523 2923 1552 2978 in
1570 2939 1661 2990 aurs,

1009 3011 1143 3068 Pluribus
1158 3011 1275 3068 indiciis
1290 3016 1318 3069 te
1334 3012 1406 3068 mibi
1422 3012 1607 3084 significans.

93 3102 131 3160 ut
144 3107 173 3159 te
187 3101 293 3158 babeat
308 3107 409 3172 paulus
424 3100 486 3155 bac
501 3099 571 3154 duni
589 3115 679 3171 super
693 3099 795 3155 induet
808 3107 890 3157 artus
932 3073 955 3141 C
974 3102 1067 3158 (luido
1079 3107 1161 3157 tuum
1175 3117 1281 3157 nomen
1298 3107 1428 3157 nostrum
1439 3102 1553 3159 derexit
1569 3102 1601 3159 in
1616 3104 1737 3171 orbam,

95 3194 223 3264 cappam
238 3205 303 3261 qus
319 3188 444 3261 pretium
458 3188 614 3244 comitisse
631 3187 764 3258 preferat
778 3188 883 3259 instar,

97 3281 189 3347 Quem
206 3277 309 3334 meritc
324 3275 434 3334 valeam
450 3276 606 3333 comitisse
621 3276 717 3333 dicere
731 3291 865 3349 cappam.

96 3369 177 3425 slent
191 3371 220 3423 et
233 3365 351 3422 excellis
367 3365 482 3438 reginas
494 3369 524 3421 et
538 3364 713 3433 comitissas,

95 3457 144 3513 Sic
158 3455 334 3526 beginarum
350 3452 626 3524 comitissarumque
640 3451 771 3511 lacernas

96 3544 156 3600 Hoc
170 3543 291 3599 excellat
306 3558 390 3611 opus,
406 3541 484 3612 quod
501 3544 530 3597 te
544 3557 634 3612 super
648 3547 727 3598 astra
743 3549 892 3614 perennat.

96 3634 201 3705 Magna
216 3634 294 3702 pelo,
309 3631 334 3684 si
351 3646 407 3685 non
422 3629 535 3699 majora
549 3630 706 3702 rependere
722 3647 835 3688 nosses.

94 3722 160 3792 ipsa
176 3718 380 3792 pusillanimes
397 3717 511 3777 fastidis
526 3735 614 3791 parva
634 3724 775 3790 petentes.

94 3809 157 3866 Non
174 3807 262 3865 minis
277 3807 337 3867 alta
350 3814 426 3879 pcto,
445 3823 501 3867 uon
518 3808 553 3866 ad
571 3808 660 3864 minis
678 3808 737 3867 elta
753 3807 867 3867 relabor

93 3899 228 3965 Quolibet
243 3902 349 3954 ornatu
363 3896 451 3953 debes
464 3912 569 3953 ornare
584 3895 744 3965 tministros,

94 3990 129 4046 ut
143 3991 236 4045 ditare
250 3986 337 4045 simul
352 3986 508 4045 thesauros
526 3985 727 4043 ecclesiarum.

94 4081 126 4136 ld
139 4081 257 4152 petiisse
273 4093 373 4134 meum
388 4081 443 4144 ast,
459 4077 486 4131 id
503 4081 530 4133 te
542 4081 680 4148 praestare
696 4085 777 4133 tuum
794 4077 843 4133 sit.

12 4226 15 4231 ,
94 4172 141 4227 Sic
152 4169 224 4226 mibi
241 4169 383 4238 responde
395 4168 455 4237 juri
473 4172 505 4224 ut
524 4168 620 4225 faveae
638 4170 801 4241 utriusque,

96 4257 130 4314 ut
143 4274 210 4314 caue
225 4271 261 4314 ne
277 4256 353 4313 desit
367 4256 455 4313 etiam
466 4273 520 4311 sua
536 4257 650 4313 fimbria
665 4274 776 4331 cappe.

273 4344 383 4402 Cecilr'a’
397 4345 470 4414 nun
492 4344 646 4417 sagiorum
662 4345 740 4415 filiae.

95 4436 183 4510 Regia
198 4434 291 4508 virgo,
307 4434 379 4503 sale,
404 4431 477 4501 cele,
493 4433 624 4504 inquam,
644 4436 723 4508 regia
738 4435 831 4508 virgo,

94 4526 184 4599 Virgo
200 4522 349 4581 Romuleis
365 4525 434 4578 tunc
450 4523 634 4580 anteferenda
652 4523 768 4595 puellis,

36 4672 45 4693 ·
95 4614 184 4687 Virgo
199 4612 360 4685 virginibus
376 4627 452 4667 nunc
469 4612 656 4669 anteferenda
672 4612 784 4679 coevis,

95 4705 189 4769 Quem
203 4707 284 4777 peter
299 4707 442 4774 augustus
457 4703 579 4773 aquarii
594 4702 714 4775 regibus
731 4704 841 4777 anglie.

94 4796 187 4860 Quam
204 4792 315 4865 species
331 4792 431 4848 forma
442 4806 509 4847 cum
522 4790 698 4862 uirginitatis
714 4809 824 4865 amore,

96 4888 131 4943 llt
146 4899 261 4942 morum
279 4880 407 4954 probitas
423 4880 534 4952 ingenti
548 4878 634 4937 laude
650 4889 795 4941 venustat.

95 4974 182 5038 Quam
198 4971 270 5028 satis
285 4974 405 5026 exornat
420 4985 473 5024 aua
487 4967 652 5026 sollicitudo
668 4968 795 5042 legendi,

96 5065 188 5130 Quem
205 5065 287 5134 patre
303 5057 428 5116 nobilior
443 5073 572 5129 sponsus
584 5058 640 5115 sibi
655 5059 841 5131 gratificavit.

94 5157 168 5224 Ergo
184 5150 297 5223 placere
313 5153 363 5205 tuo
374 5147 454 5219 virgo
471 5147 612 5203 contende
630 5149 744 5206 merito.

94 5245 168 5302 Nam
184 5257 278 5313 neque
294 5240 421 5312 nupsisti
438 5238 649 5310 quasicuilibst
663 5256 678 5296 s
693 5248 920 5317 gregaspunsof

95 5335 150 5391 Sed
168 5331 262 5402 magis
278 5328 403 5401 egregio,
415 5328 500 5399 cujus
516 5333 543 5384 te
560 5329 653 5385 forma
668 5338 817 5402 perennet.

94 5423 174 5485 Quod
192 5421 323 5491 tibique
343 5416 435 5474 mulla
451 5424 494 5473 eet
505 5418 646 5474 librorum
663 5420 761 5488 linuuu
777 5421 920 5494 loquetur,

98 5509 167 5564 licre
182 5509 245 5578 tibi,
259 5508 352 5580 virgo,
372 5508 396 5564 si
412 5507 481 5577 quid
497 5512 594 5564 tamen
611 5509 674 5579 ipsa
689 5510 799 5578 valebo,

1010 3192 1104 3264 thue
1119 3191 1171 3248 viri
1186 3192 1259 3248 tanti
1276 3207 1370 3263 prauo
1385 3191 1428 3248 uir
1439 3191 1487 3248 ille
1502 3191 1589 3250 mibi.

974 3285 1016 3341 ‘fe
1027 3283 1100 3339 mibi
1116 3299 1267 3356 procerum
1282 3287 1397 3340 statura
1410 3281 1602 3356 significavit,

1009 3374 1076 3438 Qua
1094 3390 1151 3429 non
1166 3374 1285 3429 excedet
1299 3372 1427 3445 effigiata
1441 3374 1576 3430 modum.

975 3461 1069 3518 Mures
1080 3461 1227 3533 jocundus
1243 3462 1329 3518 Wldu
1344 3461 1396 3517 libi
1406 3461 1480 3518 diait
1494 3462 1604 3532 inesse,

1010 3551 1043 3605 Et
1055 3551 1133 3622 quod
1146 3550 1299 3607 conveniat
1314 3550 1444 3608 moribus
1459 3550 1640 3623 alloquium.

974 3640 1069 3711 thue
1084 3639 1156 3695 mibi
1170 3639 1329 3708 dixit,dilet
1341 3647 1370 3698 te
1380 3639 1478 3698 littera
1491 3642 1583 3710 dives,

1010 3731 1044 3784 Et
1058 3735 1156 3784 valum
1172 3732 1269 3786 Musae
1280 3730 1437 3787 deliciosus
1453 3747 1545 3787 emas.

974 3819 1004 3876 Si
1019 3824 1138 3875 cantare
1153 3817 1225 3874 velis
1240 3824 1339 3874 cantas
1356 3819 1556 3877 modulamine
1570 3821 1657 3879 dulci
1675 3843 1684 3892 ;

1009 3910 1060 3965 His
1075 3916 1208 3982 superest
1225 3910 1325 3966 uultus
1339 3917 1368 3966 at
1382 3911 1470 3967 iacies
1485 3911 1601 3969 hilaris.

974 3998 1067 4055 affetu
1085 4001 1196 4066 erraris,
1208 3999 1413 4056 communicet
1427 4002 1566 4059 omuibus
1582 4005 1700 4071 omnis,

1010 4087 1158 4144 Exhilarea
1171 4095 1301 4156 mmstoe,
1315 4094 1344 4144 et
1359 4089 1482 4146 stolidos
1498 4092 1653 4162 reprimis.

973 4177 1011 4234 Os
1025 4177 1177 4233 Oratorum
1195 4178 1281 4233 modu
1298 4178 1367 4233 viria
1382 4178 1497 4234 Tullius
1509 4178 1583 4237 aller
1598 4199 1606 4248 3

1007 4266 1137 4323 Callidus
1151 4267 1179 4322 ln
1196 4268 1293 4322 verbis
1307 4268 1378 4324 vivis
1395 4268 1574 4327 Aristoteles.

972 4355 1114 4424 Tempora
1125 4354 1578 4426 quamudesunt,quasuntsine
1588 4360 1704 4431 remige
1714 4361 1797 4417 ureris·

936 4428 958 4492 ll
1010 4447 1157 4498 flecterem
1174 4443 1264 4498 statui
1279 4451 1308 4499 te
1322 4443 1439 4500 voluere
1454 4445 1523 4502 sibi.

973 4531 1026 4598 Qui
1039 4536 1065 4587 te
1082 4530 1215 4587 fecerunt
1228 4533 1289 4587 Odo
1305 4533 1385 4588 velut
1399 4534 1500 4591 Hostia
1515 4535 1618 4592 itamar
1632 4556 1640 4606 3

1009 4624 1041 4676 ln
1057 4621 1169 4677 modico
1186 4625 1283 4677 acme
1295 4629 1321 4678 le
1337 4623 1442 4678 facient
1457 4625 1625 4682 domiuum.

973 4711 1025 4766 iliu
1036 4710 1100 4780 jam
1114 4716 1265 4782 coeperunt
1278 4711 1368 4767 ordiri
1384 4713 1502 4783 prouida
1518 4717 1578 4770 fata
1594 4732 1602 4771 ε

1009 4800 1062 4856 Hic
1075 4799 1280 4872 intelligimus,
1293 4802 1416 4872 jamque
1432 4803 1565 4860 favemus
1581 4805 1639 4862 eis.

974 4887 1065 4944 Odoni
1077 4888 1172 4944 fautus
1187 4889 1279 4945 haras
1295 4890 1323 4945 in
1340 4892 1557 4961 pontificatum,

1009 4980 1072 5032 lfox
1089 4978 1117 5032 in
1131 4983 1269 5049 papatum
1286 4979 1509 5036 substituendus
1524 4982 1594 5039 eris.

975 5065 1033 5120 lluu
1044 5065 1137 5136 lucus,
1152 5066 1205 5122 buu
1221 5083 1336 5136 nornen,
1363 5068 1417 5124 bno
1439 5069 1536 5140 signet
1551 5072 1638 5144 copia
1652 5073 1782 5149 lingum

1011 5154 1069 5211 lice
1083 5154 1250 5212 altisonans
1269 5157 1400 5228 praefuit
1416 5159 1580 5232 integritas.

976 5246 1075 5299 lunuit
1091 5244 1145 5300 hou
1161 5244 1279 5301 babitus
1294 5248 1428 5303 tunicato
1444 5247 1606 5320 religionis,

1010 5332 1068 5389 Vns
1082 5335 1183 5390 ambos
1199 5334 1275 5389 idem
1291 5334 1446 5393 cluniacus
1460 5339 1571 5409 genuit.

976 5422 1082 5477 Ambos
1098 5438 1147 5476 vos
1164 5423 1243 5493 iuuit,
1260 5440 1310 5478 voe
1326 5423 1429 5480 Hostia
1443 5428 1565 5484 sustulit
1573 5432 1698 5503 ambos,

1008 5509 1090 5565 Alter
1104 5526 1179 5581 papa
1193 5511 1259 5582 fuit,
1281 5528 1332 5568 ner
1347 5512 1445 5570 minus
1460 5514 1534 5572 alter
1547 5516 1615 5575 erit.
