3788 6000
98 238 176 304 13t1
410 241 586 309 ABDAUDl
608 243 697 307 ABB.
721 241 860 305 aanor.
885 241 934 304 Dii
956 238 1181 307 attactibus]
1203 240 1317 307 CDRP.
1340 240 1491 306 ctttttst.
1670 184 1676 199 ι
1731 244 1807 307 13⁸2

1436 406 1807 436 m

402 590 693 696 DDMM
732 587 1103 692 ABBAUDI
1148 587 1510 694 ABBM'IS

801 797 1109 893 inauratus

205 985 301 1080 DE
358 979 814 1079 FRACTIONE
872 976 1277 1076 CORPORIS
1337 981 1696 1080 CHRISTI.

650 1208 811 1284 (Maaraaon
825 1207 947 1266 inoleat.
965 1223 1031 1270 nov.
1048 1206 1130 1275 edit,
1145 1222 1173 1280 p.
1194 1206 1253 1282 52.)

920 1411 955 1427 -

816 1547 1095 1641 MONITUM

133 1778 280 1836 Damnata
296 1776 463 1849 berengarii
479 1773 594 1845 heresi,
606 1790 640 1831 cx
653 1772 780 1832 formula
789 1772 993 1844 confessionis,
1005 1773 1030 1830 oi
1045 1790 1096 1847 per
1107 1772 1265 1831 Ecclesiam
1277 1773 1307 1830 in
1318 1774 1443 1832 concilio
1455 1776 1582 1834 Romano
1595 1779 1757 1851 proposita,
1770 1779 1806 1838 da

96 1850 285 1907 Eucharistiae
301 1855 483 1906 sacramento
499 1848 583 1904 varin
599 1851 703 1904 exorte
725 1849 796 1903 sunt
816 1845 994 1919 quaestiones
1009 1851 1037 1903 et
1052 1845 1266 1917 controversia,
1283 1846 1370 1903 etium
1386 1847 1462 1904 inter
1476 1848 1653 1922 Catholicae,
1670 1851 1804 1909 daseusu

96 1923 251 1979 verborum
268 1922 376 1994 quibus
390 1920 447 1978 ista
465 1918 594 1976 turmula
615 1919 763 1993 proposita
776 1922 831 1978 ast.
851 1917 915 1975 Una
930 1934 964 1974 ex
987 1917 1035 1974 his
1060 1918 1270 1992 quaestiouibus
1292 1925 1352 1975 erat
1376 1919 1453 1976 circs
1477 1920 1649 1978 tractionem
1674 1924 1805 1996 corporis

97 1994 217 2051 Christi.
234 1992 374 2050 Nonnulli
389 1992 559 2049 fractionem
575 1990 656 2047 illam
673 1994 786 2046 tantum
803 1991 831 2046 in
849 1990 934 2063 signo
949 2005 1001 2047 seu
1017 1990 1162 2064 symbolo,
1178 2006 1235 2046 noa
1251 1991 1281 2046 iu
1297 1991 1477 2061 ipsoChristi
1492 1995 1685 2065 corporeberi
1696 1997 1806 2053 sentic-

97 2067 179 2132 bant,
197 2066 247 2122 aiii
263 2070 364 2122 contra
380 2066 409 2121 in
425 2065 489 2138 ipso
504 2079 625 2134 corpore
640 2063 702 2118 lieri
718 2062 943 2130 contendebant,
960 2070 1080 2135 prepter
1095 2061 1244 2119 illaverbe
1256 2062 1356 2135 prime
1368 2063 1561 2121 consessionis
1572 2064 1803 2139 berengariana,

96 2138 369 2196 anathematizantis
385 2142 526 2208 tanquam
543 2135 689 2204 heresim,
705 2150 812 2206 corpus
827 2134 934 2192 Christi
951 2151 1005 2192 aaa
1021 2151 1097 2199 nosse
1111 2138 1288 2204 sensualiter,
1303 2135 1362 2191 nisi
1376 2136 1666 2223 insolesacramentc²
1677 2139 1805 2198 manibus

95 2211 266 2267 sacerdotum
280 2210 407 2275 tractari,
425 2210 465 2266 ecl
482 2209 589 2280 tranei,
605 2209 649 2264 ret
663 2206 792 2262 dentibus
806 2207 929 2278 fidelium
944 2209 1040 2264 atteri.
1056 2207 1164 2263 Peioris
1179 2208 1330 2263 sentcntiae
1345 2212 1478 2265 auctores
1493 2209 1521 2264 in
1536 2208 1724 2268 Eucharistia
1739 2217 1805 2285 post

98 2284 272 2340 substantiae
287 2283 506 2339 conversionem
524 2280 608 2349 oanis
622 2277 735 2351 species
752 2294 802 2334 seu
819 2279 991 2346 accidentia,
1008 2279 1037 2335 in
1049 2280 1157 2350 quibus
1169 2280 1270 2335 tractio
1281 2281 1373 2343 lieret,
1385 2296 1539 2352 superesse
1552 2284 1722 2338 asserebant
1735 2285 1804 2340 :ulii

100 2358 256 2427 negabant,
274 2355 328 2410 rati
344 2354 431 2427 (quod
448 2354 503 2409 boc
518 2351 582 2408 ioco
595 2351 666 2407 dicit
680 2351 852 2421 abbaudus)
866 2349 1024 2408 albedinem
1043 2367 1092 2408 seu
1106 2354 1303 2408 rotunditatem
1318 2352 1351 2408 ab
1366 2351 1424 2424 ipse
1439 2368 1563 2427 corpore,
1578 2356 1803 2428 quodvclalbum

98 2428 143 2482 rel
158 2427 309 2482 roturrdum
324 2434 372 2494 est,
388 2428 514 2497 separari
527 2440 581 2480 nen
595 2438 683 2495 pesse.

137 2500 215 2555 luter
231 2500 340 2571 primos
355 2515 412 2553 nora
430 2497 550 2554 ultimus
564 2501 627 2554 orat
642 2496 743 2552 Petrus
758 2493 938 2564 Abalardus,
954 2510 1041 2570 quam
1059 2495 1249 2564 hocnomine,
1264 2502 1405 2570 tanquam
1417 2497 1599 2568 hereticum,
1620 2501 1741 2559 adortus
1760 2503 1805 2559 ssi

96 2569 254 2627 Walterrus
270 2575 360 2627 atibus
376 2569 541 2626 Victorinus
556 2570 632 2639 apud
649 2567 794 2631 Parisios;
810 2572 895 2636 cujus
910 2577 1038 2624 auctoris
1056 2568 1121 2623 libri
1137 2575 1262 2635 sauatuor
1276 2578 1391 2626 exstant
1406 2568 1436 2625 in
1452 2587 1505 2629 ms.
1529 2570 1628 2628 codice
1654 2573 1802 2631 Victorino

98 2650 199 2699 cantra
214 2652 330 2716 nuaram·
345 2641 517 2715 labyrinthos
532 2641 585 2712 (sic
602 2641 664 2711 ipsa
679 2640 772 2709 vocat)
787 2640 921 2703 Francia,
938 2639 1016 2696 idest
1031 2639 1217 2705 dbcelardum,
1233 2641 1347 2697 Petrum
1363 2642 1554 2710 isimbardum,
1570 2645 1682 2700 Petram
1707 2647 1803 2702 Picta·

94 2717 226 2783 ariensem,
242 2725 268 2770 et
287 2715 465 2770 Gistebertum
487 2715 678 2768 Porretanum.
693 2711 740 2766 Sic
756 2726 821 2766 nero
838 2710 967 2767 hebetia
985 2712 1034 2766 lib.
1052 2729 1095 2771 ιιι,
1107 2727 1171 2780 cao.
1186 2714 1230 2777 tt,
1242 2713 1271 2766 in
1286 2713 1472 2770 abaetareun
1483 2730 1573 2786 ageas
1587 2732 1594 2771 ε
1608 2717 1805 2774 Demumuenit

95 2786 131 2842 ad
145 2788 356 2857 Berenecriam.
374 2789 426 2842 ttic
439 2784 513 2840 enim
529 2783 679 2841 haereticus
694 2783 834 2838 asserebat
848 2782 880 2837 in
893 2783 985 2854 baara
998 2786 1023 2838 et
1038 2782 1252 2839 insacromento
1263 2786 1516 2856 tatanrfieri,nibit
1527 2791 1693 2844 inveritate.
1707 2791 1804 2846 Postea

96 2875 157 2913 uero
171 2864 308 2915 conuictus
323 2875 415 2915 caram
427 2857 537 2914 Nicetes
552 2871 624 2927 pana
643 2859 669 2910 et
689 2854 816 2926 pluribus
840 2856 973 2925 episcopis
997 2863 1137 2922 centenses
1160 2862 1211 2921 est,
1235 2858 1320 2911 etiarm
1343 2862 1367 2912 et
1384 2857 1508 2928 jurarit,
1532 2874 1634 2927 panem
1657 2861 1763 2917 scilicet
1779 2868 1805 2916 et

94 2931 191 2987 uinum
204 2941 263 3001 past
275 2930 513 2993 resecandorum,
530 2943 585 2983 non
599 2927 688 2982 solum
702 2933 916 2993 sacramentam,
931 2925 977 2981 sed
991 2927 1075 2980 etiam
1090 2942 1185 2981 uersam
1199 2941 1297 2996 corpus
1320 2931 1346 2982 et
1369 2931 1536 2997 sunnainem
1561 2929 1665 2986 Christi
1685 2947 1760 2999 ease,
1778 2934 1805 2987 cl

92 3003 259 3058 sensualiter
273 3020 329 3059 non
353 3003 442 3058 scium
458 3008 642 3066 sacramente,
658 2997 704 3054 scd
719 2998 801 3052 etiam
818 2997 934 3052 ueritate
955 2996 1082 3052 manibus
1105 2996 1277 3053 sacerdotum
1302 3000 1430 3066 tractari,
1456 3008 1482 3054 et
1500 3002 1604 3071 tranei,
1629 3009 1654 3057 et
1678 3003 1805 3073 fidelium

92 3073 220 3131 dentibus
233 3077 325 3132 atteri.
343 3075 407 3129 Ecce
428 3071 561 3128 catholica
582 3070 659 3141 fides.
685 3068 736 3125 lste
759 3071 850 3124 autem
876 3067 1052 3124 scholasticus
1074 3068 1299 3129 neocoratu«
1324 3070 1388 3126 Vere
1410 3070 1531 3142 quidem,
1556 3074 1607 3139 ait,
1633 3082 1683 3141 cst,
1708 3073 1754 3130 scd
1773 3076 1805 3131 in

91 3152 263 3203 sacramento
278 3147 319 3219 [it
334 3156 374 3202 est
394 3145 506 3211 tractio,
522 3141 615 3214 infra]
630 3150 747 3197 tantum.
763 3160 778 3190 a
794 3140 864 3196 item
878 3142 938 3194 ait:
955 3161 969 3190 »
983 3139 1058 3196 Sane
1068 3141 1217 3206 dictantest
1227 3142 1384 3210 tractioitla
1394 3142 1555 3213 etpartitio,
1565 3159 1620 3201 aeri
1632 3143 1663 3200 ia
1674 3146 1805 3202 substan-

91 3219 133 3274 tia
148 3222 280 3288 corporis,
295 3218 341 3274 sed
356 3220 386 3273 ia
404 3218 464 3288 ipsa
478 3219 571 3285 [orma
584 3215 666 3286 pann
679 3212 880 3269 sacramentali
892 3213 967 3283 fieri,
979 3216 1009 3268 ut
1023 3229 1089 3267 uera
1100 3214 1203 3283 tractio
1218 3219 1244 3268 et
1258 3213 1375 3283 partitio
1396 3213 1432 3270 sit
1442 3214 1581 3286 sibique
1590 3217 1804 3287 fitaoniasub·

91 3291 268 3359 stertisset
280 3292 309 3346 ia
323 3298 505 3354 sacramento,
517 3287 548 3342 id
562 3295 602 3342 est
616 3288 646 3342 ia
660 3286 757 3356 specie.
773 3305 787 3333 a
797 3285 865 3340 turn
877 3299 885 3339 t
898 3304 909 3335 a
924 3284 1018 3340 bstibi
1029 3299 1093 3340 uera
1104 3283 1197 3354 partio
1208 3284 1320 3352 [tractio
1330 3285 1356 3358 i]
1367 3292 1392 3341 et
1399 3285 1516 3358 partitio
1526 3302 1590 3359 quae
1600 3288 1630 3358 tit
1641 3287 1670 3344 in
1681 3305 1762 3362 puae,
1775 3290 1803 3346 id

95 3369 137 3418 est
152 3365 180 3418 ia
194 3371 284 3432 torma
300 3364 388 3432 pariis.
407 3383 423 3413 n
439 3360 526 3417 item:
540 3381 554 3408 «
568 3359 714 3415 fructicat
727 3360 820 3427 partes
840 3355 909 3422 ille,
925 3372 985 3428 que
999 3355 1040 3411 ibi
1052 3355 1180 3412 uidentur
1198 3355 1261 3426 fieri
1271 3355 1301 3412 in
1311 3358 1575 3430 sacramentcfiuat,
1587 3359 1663 3416 idest
1673 3364 1703 3415 tu
1714 3363 1804 3433 specie

96 3433 213 3489 visibili.
231 3436 347 3507 tdecqac
362 3435 414 3489 itta
429 3430 596 3497 Barcanorii
607 3430 688 3486 uerba
704 3431 744 3484 ita
759 3427 960 3496 distinyuendc
974 3432 1048 3497 sunt,
1064 3437 1095 3484 ut
1107 3429 1284 3495 sensualiter,
1300 3444 1356 3484 aon
1371 3429 1448 3485 modo
1462 3443 1644 3496 sacramen-to,
1655 3433 1703 3489 sed
1714 3450 1743 3488 m
1756 3448 1801 3491 ue·

94 3504 179 3561 ritate
193 3506 303 3563 dicatur
316 3523 412 3569 cornus
430 3502 532 3560 Christi
547 3504 665 3559 tractari
680 3499 808 3556 manibus
827 3499 1010 3581 sacerdotum,
1024 3503 1120 3573 tranei
1142 3516 1249 3573 queque
1266 3507 1292 3557 et
1314 3503 1398 3556 atteri
1422 3501 1559 3559 dentibus.
1584 3507 1656 3562 Vere
1679 3504 1803 3577 quidem,

94 3577 141 3632 sed
157 3578 186 3633 ia
200 3583 370 3634 sacramento
385 3585 504 3632 tantam.
525 3577 590 3631 Vera
605 3583 644 3630 est
665 3573 925 3646 icituribiuttrstro
940 3581 967 3626 et
981 3574 1104 3642 partitio.
1122 3593 1137 3623 a
1151 3575 1225 3641 Ecce,
1241 3573 1307 3629 dum
1318 3573 1481 3630 catholicam
1496 3575 1588 3646 fidem,
1599 3575 1680 3631 nulla
1692 3593 1805 3643 prorsus

96 3649 273 3707 distinctione
287 3651 469 3719 intimantem,
487 3647 576 3703 solitis
592 3646 645 3702 sibi
660 3644 944 3717 ornamentan'ontbas
963 3644 1121 3716 delinquit,
1135 3646 1254 3701 alteram
1267 3661 1295 3701 se
1307 3646 1405 3716 probat
1419 3647 1630 3718 Berereariam.
1641 3649 1720 3717 Nam,
1732 3652 1805 3706 sicut

93 3720 143 3781 itta
157 3724 304 3779 asserebat,
324 3744 337 3772 a
355 3720 454 3776 Ornata
468 3720 538 3789 tiunt
551 3719 597 3772 sed
611 3720 639 3772 in
655 3720 825 3771 sacramento
839 3724 958 3783 tantum,
976 3738 986 3764 ι
1004 3719 1054 3780 sie,
1070 3721 1096 3771 ct
1115 3715 1169 3772 bic.
1185 3717 1236 3772 ille
1251 3733 1313 3773 ecto
1336 3728 1473 3773 correctus
1499 3718 1607 3775 addidit
1631 3728 1804 3778 sacramente

92 3808 119 3855 cr
132 3798 275 3865 fractioni,
292 3793 432 3848 attritioni
446 3790 529 3846 etiam
544 3787 678 3854 dentium,
693 3787 836 3842 ceritatem
851 3804 931 3858 quarn
946 3787 1081 3857 neqrrbat:
1098 3797 1150 3841 aste
1159 3792 1270 3844 econtra
1284 3789 1313 3842 in
1337 3791 1464 3844 omnibus
1484 3792 1631 3846 caetitatem
1653 3791 1802 3858 subtrabit,

92 3871 159 3927 darn
175 3867 274 3921 asserit
288 3863 383 3920 ornnia
398 3861 469 3932 tisri,
486 3876 541 3916 nen
556 3860 586 3914 in
601 3858 766 3926 substantia,
781 3857 829 3911 sed
844 3859 874 3913 in
888 3859 978 3925 suecia
994 3857 1100 3912 risibili
1114 3862 1139 3912 et
1153 3865 1243 3926 torma
1266 3861 1347 3927 panis
1374 3864 1400 3915 et
1423 3869 1596 3916 sacramente
1621 3865 1740 3917 tanturn.
1764 3865 1802 3919 At

94 3944 208 3999 sincera
224 3955 280 3993 non
297 3943 341 3992 cst
356 3936 409 3990 hoc
424 3936 452 3988 in
467 3933 529 3988 loco
547 3929 674 3986 walterii
689 3928 815 3998 obtectio
831 3928 860 3984 in
876 3927 1075 3992 abaelardum,
1089 3929 1138 3998 qui
1155 3946 1254 3985 verum
1271 3929 1377 3986 Christi
1392 3947 1499 4001 corpus
1515 3934 1545 3987 in
1565 3932 1750 3990 Eucharistia
1765 3934 1799 3991 ad

96 4011 241 4077 mittebat,
258 4009 308 4064 sed
325 4006 495 4063 tractionem
510 4009 598 4077 atque
612 4000 792 4058 attritionem
809 4016 865 4055 non
882 3999 911 4055 in
928 4015 1048 4071 corpore
1063 4000 1139 4072 ipso,
1151 4001 1202 4057 sed
1214 4002 1242 4056 in
1259 4001 1354 4069 specie
1371 4003 1455 4073 panis
1471 4003 1533 4059 lieri
1549 4006 1707 4067 asserebat.

130 4080 264 4138 walterii
278 4080 428 4136 sententia
444 4079 478 4132 de
492 4092 560 4131 vera
579 4073 710 4147 corporis
722 4071 830 4128 Christi
846 4072 987 4128 tructione
1003 4072 1148 4128 consentit
1162 4073 1323 4129 abbaudus
1338 4073 1468 4130 abbasiu
1486 4074 1540 4131 hoe
1555 4079 1694 4141 tractatu,
1712 4092 1799 4147 quam

96 4173 130 4213 ax
147 4171 202 4211 ms.
219 4152 327 4217 codiee,
342 4148 501 4207 Christiani
515 4145 628 4202 abbatis
644 4160 794 4202 sermones
808 4143 985 4210 continents,
1004 4143 1184 4216 excepimus.
1201 4143 1385 4202 Christianus
1399 4145 1472 4203 mibi
1487 4147 1800 4207 iuisssvideturubhus

95 4224 262 4285 monasterii
278 4223 307 4281 S.
324 4222 401 4279 Petri
417 4219 627 4288 carnutensis3
644 4221 674 4273 at
688 4217 772 4288 cujus
786 4215 842 4273 leci
857 4216 950 4272 abbas
966 4215 1054 4271 tuerit
1067 4215 1241 4285 abbaudus,
1258 4217 1380 4275 necdum
1396 4216 1469 4276 mihi
1484 4225 1667 4293 compertum
1682 4225 1738 4293 est,
1753 4226 1799 4280 ta-

94 4299 182 4358 metsi
195 4297 231 4367 is,
247 4297 349 4353 audem
365 4310 423 4366 quo
438 4291 607 4350 bbaeiardus
622 4288 739 4361 saeculo,
754 4287 785 4345 id
799 4290 844 4345 eat
858 4285 1025 4359 undecimo,
1040 4287 1121 4347 vixit.

126 4687 369 4745 Dominuslasus
393 4682 528 4741 Christus
555 4698 610 4756 qna
636 4683 715 4740 necle
741 4681 916 4750 tradebatur,
931 4682 959 4751 Α
974 4685 1056 4738 arat:
1072 4697 1150 4740 nuno
1167 4699 1225 4740 non
1250 4698 1347 4756 possa,
1374 4682 1523 4756 quiajam
1547 4686 1593 4742 ssi
1619 4684 1797 4745 immortale.

90 4780 194 4850 accepit
208 4794 318 4851 panem,
336 4775 491 4842 benedicit,
502 4774 598 4846 trabit,
610 4771 920 4845 deditdiscipalissuis,
978 4771 1053 4840 Quid
1068 4775 1113 4829 est
1133 4788 1200 4846 argo
1225 4772 1301 4845 quod
1324 4772 1436 4830 Paulus
1461 4773 1611 4845 apostulus
1626 4775 1687 4833 ait:
1714 4777 1800 4834 Panis

90 4868 202 4926 dicens:
224 4868 342 4938 Accipite
369 4874 394 4922 et
407 4863 551 4922 comedite.
568 4864 623 4920 lioc
650 4871 691 4919 est
712 4877 810 4934 corpus
833 4877 923 4917 meum
977 4877 1056 4935 quem
1075 4860 1245 4935 {raaaimun
1264 4877 1356 4919 nonne
1375 4864 1586 4921 communicatio
1609 4867 1731 4939 corpores
1751 4867 1801 4925 Da-

88 4959 160 5034 quod
174 4974 222 5032 pra
236 4956 313 5015 uobis
327 4954 471 5011 tradetur.
487 4953 579 5011 Credo
597 4955 696 5025 itaque
714 4951 793 5025 quod
815 4967 921 5024 panem
977 4951 1049 5009 mirri
1060 4955 1122 5009 ert?
1136 4951 1191 5008 Sed
1207 4954 1302 5009 movet
1317 4950 1390 5010 iortc
1402 4968 1499 5025 quem,
1527 4955 1604 5029 quod
1631 4971 1688 5012 nou
1713 4955 1800 5028 dixit,

88 5065 176 5123 quam
206 5045 328 5118 accepit,
352 5043 552 5101 benedicendo
579 5058 686 5116 corpus
721 5056 809 5098 suum
841 5039 918 5099 ierit.
976 5044 1800 5122 corpusquodfrangimus,ssdpanisquemsraaaimas.

89 5141 330 5212 Ideoquacorpus
342 5133 564 5206 suumtregitet
576 5133 721 5190 dcendern
734 5147 855 5204 corpora
866 5148 920 5188 suo
975 5135 1098 5193 Attends
1114 5133 1184 5208 quid
1199 5133 1229 5190 in
1245 5133 1301 5191 alio
1320 5134 1384 5192 loce
1408 5136 1496 5192 dicit:
1513 5139 1612 5194 Probet
1633 5147 1727 5196 autem
1749 5156 1798 5198 se·

88 5231 152 5302 jam
181 5225 335 5283 benedicto
351 5228 379 5281 et
403 5225 493 5282 tracto
515 5221 667 5295 discipulis
691 5221 765 5279 dixit
780 5236 787 5278 :
803 5222 858 5279 ltac
883 5229 922 5280 cst
975 5225 1066 5298 ipsum
1080 5225 1169 5296 bomo,
1183 5227 1210 5281 ct
1225 5223 1267 5280 sia
1289 5223 1322 5281 dc
1340 5241 1413 5298 pane
1434 5225 1483 5282 illc
1507 5225 1579 5296 edat,
1604 5234 1630 5285 et
1653 5229 1688 5286 de
1709 5228 1799 5289 calice

89 5333 187 5390 carpus
201 5313 363 5372 meumNee
380 5313 479 5370 minus
490 5311 614 5369 tirmiter
629 5311 918 5386 madefactionem
976 5313 1069 5386 bibat;
1085 5313 1135 5370 ubi
1150 5313 1249 5388 itaque
1272 5330 1358 5372 namu
1380 5314 1563 5374 Christianus
1587 5317 1705 5377 dabitat
1728 5334 1797 5379 aum

92 5415 246 5483 benedixit,
263 5429 349 5486 quam
365 5412 440 5471 dedit
453 5411 611 5486 discipulis,
624 5427 713 5484 quam
728 5410 853 5486 denique
869 5411 920 5471 boc
973 5406 1008 5463 de
1023 5420 1143 5478 corpore
1156 5409 1186 5463 at
1199 5405 1343 5478 sauguine
1360 5405 1455 5464 dicare
1470 5405 1591 5465 Christi.
1606 5411 1700 5467 Lucas
1714 5409 1794 5470 enirn

91 5513 129 5567 est
144 5522 252 5579 corpus.
270 5504 325 5561 Sed
350 5504 474 5563 fortasse
495 5502 562 5576 quis
586 5500 658 5558 dicit
680 5508 752 5558 tunc
776 5518 843 5560 aare
866 5518 918 5576 po·
972 5494 1131 5553 inentibus
1141 5494 1349 5568 apostolurum,
1361 5497 1459 5569 Errant,
1470 5495 1796 5571 {contabescamus

90 5597 182 5656 tuisse
196 5595 289 5668 frangi
303 5609 409 5667 corpus
433 5589 561 5665 Domini,
584 5591 655 5666 quia
680 5590 775 5649 adhue
798 5590 918 5652 mortale
973 5586 1005 5644 in
1019 5585 1796 5664 doctriaaopestolerumrecommunicaticnepanistra·
