3796 6000
85 208 208 271 oto

736 193 912 258 PONTIUS
933 190 1060 253 ABBAS
1082 187 1264 252 dnuutttc.

156 328 1216 362 „ww-mn·-

268 489 647 619 HUGONIS
694 483 1080 613 MONACHI
1125 477 1731 611 GLUNIAGENSIS

866 692 1131 781 uuts‘t'oni

550 877 598 932 ao
619 872 792 935 ooutuou
814 870 972 929 eourtnn
991 868 1156 926 senonen
1176 866 1457 926 oooutaenusou.

862 1026 870 1041 ⁶
955 1030 985 1072 trr
1003 1031 1053 1081 ooo

159 1173 317 1245 li’ottrtollo
345 1173 379 1233 tle
418 1177 454 1235 S.
480 1166 606 1247 Hopoue
633 1167 753 1246 optoque
788 1162 896 1222 Pontio
930 1159 1038 1223 ohdote
1061 1177 1068 1219 :
1094 1157 1238 1240 quomodo
1265 1156 1433 1223 autumatis
1474 1159 1615 1232 tertiaeet
1638 1174 1729 1241 puoto
1758 1154 1839 1215 decore

194 1258 302 1323 cinerea
317 1254 385 1315 RB.
414 1252 625 1332 Apostolorum
654 1245 745 1307 Pet-ri
781 1252 808 1305 et
835 1240 941 1313 Paeti,
958 1252 1086 1322 tempore
1115 1239 1149 1301 S.
1180 1237 1426 1321 anapaesticus
1457 1237 1634 1303 Cluuiarum
1658 1231 1782 1303 delatos,
1808 1255 1842 1295 re-

189 1344 350 1409 vereretur.

789 1482 930 1556 (nitriam.
952 1484 1080 1540 Olonico.
1096 1498 1124 1552 p.
1145 1481 1220 1553 557.)

919 1636 1081 1649 ———-

199 1724 275 1781 Patri
291 1719 473 1779 serenissimo
488 1714 670 1775 cluniacenti
699 1713 793 1775 abbati
813 1712 916 1771 Pouoto
931 1712 980 1769 do·
996 1714 1022 1778 Α
1037 1709 1219 1773 descendisti.
1244 1708 1297 1765 Ubi
1319 1725 1371 1782 pro
1386 1716 1432 1765 tua
1448 1710 1496 1765 illu
1520 1710 1610 1767 nobiti
1638 1712 1845 1777 cousuetudine,

158 1815 238 1871 mino
253 1829 304 1869 suo
318 1826 414 1868 serron
430 1809 517 1869 Hono.

197 1904 272 1959 ilum
288 1904 482 1967 tuoru,l>ater,
507 1894 705 1953 exceltentiam
727 1908 827 1964 penso,
855 1890 982 1960 injussus

160 2009 259 2051 coram
276 2000 303 2047 te
314 1991 391 2062 toqui
408 2005 464 2045 non
480 1986 638 2044 andeotied
650 1984 784 2057 quoniam
799 1981 983 2041 memoranda

161 2081 290 2153 quodam
316 2080 351 2134 de
366 2093 469 2147 magno
493 2076 612 2144 Hispone
635 2079 732 2129 sancto
748 2085 920 2143 praecessore
935 2076 982 2125 too

160 2172 245 2228 tacite
262 2170 353 2237 rideo,
380 2168 402 2223 si
419 2175 465 2223 tua
484 2164 579 2234 intrant
604 2179 650 2218 me
675 2161 726 2217 lari
741 2160 878 2230 dignatio,
895 2172 983 2228 pauca

159 2262 195 2315 du
212 2259 355 2331 piurimis,
373 2272 459 2327 parva
474 2255 509 2310 de
528 2252 672 2321 otariusis,
689 2249 768 2307 hrosi
782 2248 911 2317 expedio.
929 2246 984 2304 ists

161 2350 275 2421 quidem
290 2345 408 2403 ditiusos
422 2343 577 2414 scriptores
592 2341 657 2397 ilios
672 2340 761 2395 miror
779 2338 919 2401 oroieisse,
935 2335 983 2406 qui

160 2440 196 2495 da
212 2453 245 2493 eo
261 2441 338 2492 tanta
355 2434 499 2492 solumina
513 2429 795 2502 conscripsereooe
811 2427 901 2483 reloro
912 2442 983 2495 pro·

164 2526 293 2586 sentilam
308 2523 458 2582 notissima
477 2526 555 2583 norit,
572 2521 618 2575 sert
635 2521 812 2589 posterorum
829 2515 984 2580 memoria,

163 2625 194 2673 nt
207 2616 301 2687 jubes,
317 2615 449 2670 mandata
465 2620 541 2667 suut.
559 2614 660 2664 Beatos
679 2608 758 2678 Hogo
782 2607 816 2663 atl
834 2605 984 2671 t'rnnoipo

159 2722 212 2763 nas
227 2722 274 2760 eos
294 2704 470 2768 visitaturus,
498 2701 565 2756 otim
593 2700 725 2754 exiverat.
749 2695 874 2751 Veniens
889 2706 984 2750 notem

160 2794 331 2851 Balracense
362 2791 546 2853 territorium,
572 2788 688 2843 irttruait
715 2787 875 2841 Goruacum
900 2798 984 2852 supter

163 2889 288 2939 aronam
306 2879 479 2939 duriumlbi
491 2893 556 2935 eum
567 2876 695 2935 ilbertus
711 2878 750 2933 sir
762 2875 881 2932 illustris
898 2874 985 2932 herno-

1036 1797 1198 1870 ottibuequo
1225 1798 1299 1855 bona
1323 1798 1592 1869 predicamentum
1619 1801 1654 1857 da
1669 1815 1725 1872 qun
1741 1810 1846 1857 unctus

1038 1889 1215 1959 predixerat,
1240 1889 1374 1957 juvenem
1399 1889 1543 1959 iurooioti,
1568 1891 1716 1949 intantum
1742 1891 1848 1957 vocasti,

1037 1984 1172 2039 vocatum
1196 1979 1329 2039 eduxisti,
1357 1981 1451 2050 Ipsum
1476 1979 1506 2035 in
1532 1980 1670 2043 Ctooieco
1685 1982 1849 2039 monacnum

1038 2073 1156 2127 nomine
1180 2069 1348 2129 bandricutu
1374 2069 1505 2139 plurimis
1525 2070 1610 2126 antiis
1640 2070 1850 2128 sidirnnsbonis

1039 2160 1193 2230 pollentem
1207 2158 1494 2227 murittae-Statuas
1510 2159 1774 2229 benignissimam
1789 2178 1851 2231 pre·

1039 2266 1134 2307 oeesor
1158 2259 1222 2309 tuoe
1237 2248 1326 2306 abbas
1343 2250 1420 2319 lingo
1450 2250 1660 2317 sanctissimus,
1676 2266 1760 2321 qoem
1776 2252 1855 2323 piori-

1043 2356 1121 2397 mom
1150 2341 1286 2407 dilexisti,
1312 2341 1467 2411 imoqoem
1493 2341 1599 2413 diligis,
1629 2343 1672 2399 sio
1697 2343 1769 2399 inter
1794 2342 1860 2397 aiios

1041 2430 1157 2486 virtutes
1184 2444 1248 2485 snos
1269 2432 1353 2485 etiarn
1381 2430 1529 2499 prophetia
1559 2430 1697 2487 claruisse
1714 2432 1857 2503 prolator:

1040 2520 1082 2576 sio
1096 2520 1126 2575 in
1144 2522 1188 2575 aui
1209 2520 1401 2578 dissolutione
1417 2519 1554 2591 corporis,
1571 2520 1701 2591 pontifici
1717 2522 1855 2588 revelatos,

1038 2610 1282 2679 supercaelestium
1298 2610 1425 2666 concisis
1446 2626 1509 2666 asae
1524 2610 1715 2678 dignoscitur.
1732 2610 1785 2668 Sed
1801 2627 1855 2665 oreo

1039 2702 1123 2755 modo
1139 2700 1218 2754 sileat
1236 2701 1369 2768 parvitas,
1385 2708 1430 2755 toea
1446 2701 1545 2770 inopis,
1562 2701 1709 2770 ietaooam
1724 2702 1780 2757 alta
1795 2701 1853 2761 sint,

1039 2790 1193 2860 perpendat
1213 2789 1345 2846 charitas.
1375 2789 1416 2845 De
1432 2790 1484 2847 trac
1508 2791 1585 2846 enirn
1614 2791 1770 2847 altitudine
1788 2790 1852 2860 loqui

1038 2895 1088 2948 ego
1109 2884 1166 2935 ton
1183 2880 1303 2935 intimae
1320 2880 1619 2936 lineamentorum
1635 2881 1760 2950 dentque
1777 2878 1851 2935 vetui

160 2972 239 3028 rilico
265 2971 398 3039 suscepit.
416 2970 489 3025 Uror
516 2966 565 3025 riri
592 2966 708 3021 nomino
734 2964 985 3031 Eritaeooordis,cl
1037 2969 1072 3025 de
1087 2967 1205 3037 Virgine
1229 2969 1289 3025 noti
1316 2968 1384 3023 ttta
1411 2970 1546 3027 defuneto
1566 2987 1638 3041 papa
1654 2967 1796 3035 Pascnali,
1812 2968 1850 3037 qai

159 3062 221 3132 [⁰⁸³
236 3067 315 3115 ‘³⁰¹⁰
331 3059 434 3128 ¹¹⁰⁵llili
449 3063 608 3111 willelmi
624 3054 850 3119 ⁰⁰⁰⁰llll·Qttdtss
866 3060 982 3107 satiatus
997 3078 1020 3143 B
1037 3057 1170 3112 ilomanoe
1188 3059 1262 3113 settis
1278 3060 1385 3127 apicem
1403 3076 1420 3113 x
1436 3068 1462 3113 et
1474 3076 1524 3114 vnr
1535 3060 1630 3126 antiis,
1641 3066 1667 3114 et
1683 3075 1717 3115 eo
1737 3075 1794 3128 atrrg
1807 3058 1852 3112 tius

160 3150 456 3218 ultidil‚t›r01)b⁰¹¹⁰⁰
472 3150 582 3201 afflatus
599 3144 701 3214 spiritu
717 3143 785 3197 dixit
804 3143 978 3210 :strumina
1034 3146 1210 3215 gubernarit,
1241 3156 1404 3218 ossuntptos
1428 3157 1468 3203 est
1496 3146 1806 3212 electioucCutiioiica,
1832 3151 1852 3201 et

160 3249 188 3296 to
204 3238 319 3310 perarida
334 3235 469 3302 astutum
487 3235 579 3304 paries
592 3233 652 3303 qui,
669 3232 742 3288 sicot
759 3236 813 3286 Dico
830 3229 979 3300 placuerit,

163 3325 561 3386 morrachuscrit.sttudiens
590 3325 691 3378 molior
719 3337 780 3392 qoae
809 3322 844 3375 do
872 3328 982 3375 suante

160 3435 220 3474 non
235 3424 360 3481 noverat,
376 3414 542 3469 mirabatur.
559 3412 714 3467 Praeseutes
728 3410 824 3464 audita
838 3410 982 3477 siguentes

159 3505 284 3571 oracula,
306 3504 482 3560 lotalrontor.
511 3501 696 3557 Postmodum
723 3499 803 3567 iuxta
830 3497 901 3552 servi
930 3497 980 3553 Dei

160 3594 287 3658 terbum,
303 3592 416 3662 gravide
430 3591 480 3645 iila
503 3588 611 3659 peperit
627 3587 730 3643 tilium.
746 3586 838 3642 Crevit
861 3601 939 3656 puer,
955 3592 982 3642 et

160 3689 333 3737 armatorum
349 3680 499 3749 deputatus
513 3675 755 3743 otdeio,militiam
776 3675 938 3744 adeptus,ut
953 3673 981 3728 id

161 3772 311 3827 hominum
328 3784 417 3839 genus
432 3766 506 3823 male
520 3765 682 3832 consuerit,
696 3764 872 3835 perniciosus
883 3763 980 3820 erasit.

161 3865 273 3920 interea
289 3868 414 3927 sonetur,
431 3860 534 3930 planos
548 3857 656 3913 dierum
673 3856 777 3926 puriter
793 3863 820 3911 et
834 3856 980 3922 uirtutum,

159 3955 235 4011 diem
252 3954 281 4010 in
308 3954 429 4007 Domino
459 3949 559 4006 clausit
576 3954 744 4005 extremum.
774 3946 840 4001 Erat
868 3954 937 4001 tuuc
952 3946 981 4001 in

161 4043 329 4112 ltaliaapud
358 4040 473 4112 Papium
498 4039 585 4094 decue
610 4035 775 4107 pontilianus
806 4035 982 4090 Godetredue

161 4132 362 4188 narniniensis
378 4130 537 4199 episeopus,
554 4128 682 4183 doctriua
699 4125 859 4193 praeclarus.
876 4125 981 4179 sancti·

160 4228 217 4279 tate
234 4222 410 4290 perspicuos.
427 4221 498 4274 Dum
516 4220 609 4288 itaque
639 4217 736 4273 beatos
753 4217 831 4285 liupo
853 4217 982 4283 prasenti

162 4312 218 4366 rita
233 4309 408 4377 delenitum,
419 4316 524 4362 aterum
547 4308 679 4374 donator,
696 4305 768 4360 vidit
781 4306 932 4376 episcopus
947 4308 981 4361 ad

161 4398 373 4473 procedendum
402 4406 558 4453 contentos
584 4395 705 4451 eximios
731 4396 881 4466 praeparari
915 4411 979 4451 corn

161 4488 361 4556 luminaribus,
378 4495 404 4541 ot
429 4485 535 4541 caeteris
560 4501 620 4555 uno
638 4486 665 4539 iu
683 4486 862 4555 processione
877 4486 980 4540 sotem·

159 4583 234 4637 niter
251 4579 341 4634 soloni
355 4575 635 4645 exntnertnpiacopo
646 4574 800 4641 inquirenti
815 4576 880 4644 quis
897 4583 979 4642 esset,

160 4685 245 4742 qoem
262 4677 346 4723 tantae
361 4665 524 4734 triumphos
545 4663 640 4734 glorias
666 4672 850 4732 exspectaret,
868 4680 982 4730 respon·

160 4775 225 4815 euru
241 4763 283 4814 est
298 4758 362 4827 quia
377 4756 412 4811 ad
443 4755 642 4810 deducendum
667 4752 815 4807 dominum
833 4756 981 4820 Hngonotu

160 4849 376 4905 cluniacensem
400 4844 542 4910 abbatem,
572 4843 793 4898 iilasanctorum
810 4844 920 4898 devotio
942 4845 983 4900 te·

159 4939 230 4994 stira
246 4935 501 5008 procederethod
515 4931 979 5002 cumopisoopueadmireoesociis

160 5026 308 5094 revelarat,
340 5033 507 5096 tempusque
536 5037 590 5094 qno
606 5021 634 5076 id
656 5021 763 5077 rideret
786 5021 936 5077 adnotaret
951 5023 981 5078 iu

160 5114 258 5168 Galliis
274 5128 410 5179 reversos,
423 5113 522 5167 eodem
538 5109 646 5167 invonit
661 5116 786 5179 tempore
801 5109 830 5165 in
845 5108 980 5166 Clotiiaoo

158 5210 287 5259 sanctum
322 5203 470 5274 migrasse,
497 5216 552 5272 quo
587 5198 642 5254 sitii
671 5198 763 5254 iuerat
791 5207 980 5257 monstratum

158 5292 263 5362 Papio.
281 5295 432 5362 Postquam
448 5306 512 5345 vero
529 5296 644 5343 sanctus
668 5285 800 5353 decessit,
817 5295 844 5343 tu
863 5288 981 5346 feliciter

158 5383 307 5451 electos,et
322 5380 352 5435 in
367 5379 495 5435 otticinm
513 5378 581 5433 tanti
598 5376 688 5433 Patris
703 5377 787 5443 dipuo
802 5376 979 5449 subrogatus,

158 5468 280 5527 Domino
304 5472 437 5537 ducenta,
464 5469 498 5522 od
528 5466 705 5536 supradictas
736 5465 860 5522 Francia
889 5475 981 5538 portes

1034 3246 1218 3291 consecratus
1233 3246 1270 3291 est
1289 3237 1417 3291 Gelasios
1433 3239 1561 3307 propiavir
1575 3238 1703 3308 apprimo
1719 3236 1848 3302 eruditus,

1035 3325 1224 3394 eleemosynis
1251 3326 1354 3396 terpus,
1382 3326 1501 3382 consitio
1527 3327 1671 3397 providus.
1698 3325 1752 3381 Hic
1781 3329 1849 3379 Heu-

1037 3415 1095 3468 rico
1121 3414 1155 3469 tv
1171 3419 1364 3470 ttomeuorum
1393 3417 1562 3486 imperatore
1585 3423 1686 3471 contra
1702 3414 1849 3471 Ecclesiam

1035 3502 1178 3570 senciente,
1206 3503 1356 3560 declinans
1384 3508 1416 3559 ad
1449 3521 1526 3562 muro
1554 3505 1715 3572 descendit,
1746 3503 1848 3573 navigio

1036 3590 1141 3647 Gallias
1155 3592 1300 3663 expetivit,
1328 3593 1434 3665 tibique
1465 3594 1589 3664 primurn
1606 3610 1723 3651 cursore
1750 3591 1849 3648 allisis

1036 3683 1237 3747 consensuum
1254 3684 1439 3753 pronuntiari
1459 3683 1526 3741 lecit
1539 3685 1755 3742 adrentum.Te
1769 3685 1848 3747 enirn,

1035 3772 1164 3830 Cloniacl
1194 3773 1304 3830 scilieet
1329 3774 1470 3843 onbestem,
1496 3777 1526 3833 in
1547 3776 1676 3847 portibus
1703 3775 1851 3831 Geltiarnot

1037 3862 1121 3919 habet
1144 3863 1272 3933 pontiieu
1302 3864 1447 3922 Romanus
1471 3867 1620 3937 proprioru
1649 3874 1676 3923 ot
1706 3869 1850 3941 specialem

1038 3952 1216 4010 fltiuuuiioio
1231 3955 1305 4024 apud
1321 3955 1459 4011 Sanctum
1476 3957 1615 4025 AEpidiorn
1627 3959 1852 4027 occurristi,liuit

1035 4050 1061 4097 et
1087 4043 1176 4098 molto
1200 4043 1347 4100 comitatui
1367 4060 1418 4101 suo
1447 4047 1618 4117 equitatores
1646 4052 1675 4104 et
1703 4049 1850 4121 ultraquam

1036 4132 1162 4187 maxima
1178 4134 1392 4203 elegantissime
1412 4134 1589 4191 ministrasti.
1608 4136 1691 4194 Hunc
1707 4155 1758 4209 pro
1775 4137 1853 4193 utaris

1038 4221 1168 4277 molestia
1183 4222 1371 4294 infumatum,
1400 4224 1430 4280 io
1448 4235 1500 4280 tuo
1526 4226 1587 4282 eolo
1603 4227 1771 4289 nativitatis,
1788 4225 1852 4298 (ruod

1037 4318 1118 4378 putor
1143 4317 1207 4366 tous
1232 4315 1330 4368 Petrus
1345 4321 1444 4385 potone
1468 4323 1494 4370 et
1510 4316 1616 4372 nobilis
1639 4332 1735 4372 cautes
1753 4318 1855 4379 literne·

1039 4399 1139 4456 lieusis
1149 4402 1209 4473 juri
1238 4404 1428 4473 apostotorum
1454 4406 1529 4462 Petri
1540 4410 1568 4461 ct
1584 4406 1660 4462 Pauli
1677 4407 1853 4471 contradidit,

1038 4495 1063 4543 et
1080 4488 1146 4543 inde
1165 4491 1285 4559 accesssit,
1301 4495 1329 4547 lu
1347 4510 1447 4562 propium
1473 4493 1683 4549 olticiosissimo
1697 4495 1853 4550 confovisti,

1040 4579 1092 4644 Qui
1109 4580 1203 4635 desino
1220 4582 1463 4651 convalescens,et
1478 4583 1645 4639 Clotiiacom
1663 4600 1747 4639 enom
1764 4598 1856 4656 perre-

1041 4670 1102 4723 nire
1117 4670 1292 4738 tteeitterous,
1304 4670 1472 4741 Lugdunum
1489 4671 1587 4727 Galliae
1600 4676 1787 4743 pertransiit:
1803 4671 1856 4726 ila·

1039 4759 1178 4816 tisoonam
1195 4760 1354 4825 descendit,
1364 4759 1592 4830 obi,gravissimo
1607 4762 1780 4832 aegritudine
1794 4777 1856 4817 con·

1037 4848 1170 4916 loclesse
1182 4846 1352 4904 cluniacum
1367 4849 1702 4920 perterrijnstamustme
1718 4850 1855 4922 praecepit.

1037 4938 1097 5003 Quo
1121 4938 1293 5008 deportatos,
1311 4953 1481 5011 suutmaqne
1510 4941 1670 4997 reverentia
1700 4945 1856 5012 susceptus,

1036 5026 1177 5096 completo
1186 5025 1363 5097 episcopatos
1377 5027 1504 5084 suinnuo
1521 5047 1529 5083 1
1541 5029 1676 5086 etdicbos
1688 5031 1760 5098 rv,in
1771 5029 1858 5087 medio

1038 5115 1154 5171 tratione
1182 5116 1433 5172 circumstantibus
1456 5117 1597 5189 episcopis
1618 5119 1816 5176 cardinalibus
1831 5119 1856 5172 io

1037 5204 1261 5273 propriadotuo‚
1293 5207 1423 5276 proprius
1452 5216 1547 5277 pistor
1577 5209 1606 5264 iu
1638 5210 1855 5279 pocetiuniaco

1036 5293 1224 5364 quievit.Post
1240 5294 1317 5351 hunc
1333 5298 1504 5353 reuerendos
1523 5297 1798 5365 tridentensem>
1809 5304 1858 5351 Ar·

1038 5384 1251 5453 coepiscopus,
1268 5385 1303 5440 ab
1318 5386 1444 5442 Ecoiosia
1469 5388 1609 5444 catholica
1624 5399 1665 5443 est
1680 5390 1709 5444 io
1725 5391 1857 5444 Ciotiioeo

1036 5472 1153 5538 electus,
1190 5476 1289 5545 sicone
1319 5475 1348 5531 in
1377 5492 1480 5548 papatu
1508 5477 1608 5536 Colirt.
1637 5478 1794 5539 ordinatos.
1812 5476 1859 5533 llic
