3788 6000
153 216 233 282 {188
711 215 899 280 Baboaiol
921 213 1110 279 nonensis
1132 217 1319 282 laomor.

435 349 472 405 oe
485 351 576 406 notati
589 349 697 406 oblau.
993 350 1024 417 Α
1073 347 1219 406 Omnibus
1233 348 1381 423 exemplar
1395 348 1556 424 relligionis
1571 351 1645 406 eret.

155 441 253 496 abbas
267 439 378 496 Natalis
392 437 444 495 has
458 440 535 496 ades
549 439 754 512 amplificarat,
1032 436 1114 495 Hune
1124 438 1239 511 plangit
1248 456 1302 496 sua
1317 438 1399 512 plebs
1410 444 1438 497 et
1453 440 1554 496 vicine
1569 439 1716 512 regiones,

151 533 187 586 et
198 529 309 585 noviter
325 530 416 585 iactas
434 529 566 586 Urbanus
581 545 654 602 papa
675 532 816 594 sacrarat,
1066 529 1155 595 Quem
1174 528 1387 585 venerabantur
1396 529 1466 601 jure
1481 534 1593 599 petrem
1606 529 1720 602 patriar.

151 621 236 689 Cum,
248 618 374 686 Nicolao,
390 623 450 676 tum
465 625 542 677 Deus
556 620 707 676 accersivit
721 616 886 688 alumnum,
1031 615 1082 672 llio
1097 617 1187 689 igitur
1202 619 1331 691 positum
1347 616 1471 676 solemni
1486 633 1565 674 more
1581 617 1724 689 revisunt,

152 707 204 765 Cui
220 709 301 765 dedit
311 712 452 765 eternum
465 709 588 765 solemni
604 709 704 766 iuuere
719 724 868 764 somnum.
1068 705 1101 762 lit
1127 722 1225 764 coram
1240 712 1341 765 sancto
1360 715 1424 766 vota
1436 711 1540 766 vovent
1555 705 1679 764 tumulo.

152 800 205 857 flio
220 801 305 858 modo
317 800 428 858 Natalis
444 816 495 872 pro
510 816 596 856 carne
606 800 685 871 jacet
699 799 857 865 cineratus,
1400 811 1486 868 gnua

153 889 314 947 Cainooeat
328 889 427 946 nullus
443 905 494 962 pro
510 889 607 946 caruis
622 888 706 945 sorde
723 893 832 945 reatus.
1030 897 1088 954 Ora
1103 900 1232 965 madent,
1248 905 1276 956 st
1289 901 1376 957 corda
1390 906 1521 970 gemunt,
1537 909 1698 973 etcorpora
1713 904 1850 973 marcent,

428 980 496 1035 mm
510 978 583 1034 “tide
599 994 694 1049 milri·
1065 988 1137 1045 oum
1149 989 1264 1045 tumulo
1279 989 1383 1046 titulus
1398 989 1532 1062 sculptus
1547 990 1576 1046 in
1596 990 1653 1047 boo
1667 989 1787 1063 legitur.

151 1073 249 1131 abbas
264 1074 373 1130 Natalis
393 1075 446 1130 llos
463 1072 600 1129 abbatum
617 1071 753 1144 specialis
1030 1074 1087 1133 late
1103 1077 1297 1135 raterttitulus
1312 1079 1382 1150 qnia
1397 1083 1635 1151 mortegravatus
1645 1079 1757 1137 Hosius

184 1165 284 1236 Signat
294 1163 364 1234 quid
383 1163 422 1218 sit
433 1162 520 1218 bomo
535 1163 629 1217 iaetus
645 1161 753 1216 burnus
766 1161 821 1216 sub
836 1159 937 1215 bomo.
1065 1164 1144 1222 Fecit
1160 1166 1285 1239 pupillos
1301 1173 1395 1224 morte
1408 1185 1462 1225 sua
1476 1169 1608 1240 populos.

151 1250 202 1305 van
217 1250 323 1324 veritis
338 1250 414 1317 cani,
431 1249 525 1305 mariti
539 1247 583 1304 vir
599 1251 719 1304 nannius
735 1246 836 1318 opimi.
1028 1253 1103 1311 Urbs
1114 1255 1363 1314 cenomannensis
1374 1257 1453 1315 aava
1467 1257 1634 1329 specialiter
1648 1258 1763 1330 ipsum,

186 1339 259 1395 Huic
274 1341 375 1396 vivens
390 1337 447 1394 late
463 1336 723 1409 proluitllcolesiu.
1065 1342 1126 1400 illis
1142 1345 1307 1416 pontificem
1325 1363 1412 1418 qoem
1428 1347 1550 1403 dederat
1563 1345 1720 1403 Dominus.

150 1426 314 1484 baruncius
331 1441 397 1482 vcro
412 1426 589 1483 sacristana
604 1425 722 1483 ossibus
738 1427 835 1490 ornat,
1028 1432 1133 1489 vacant
1147 1435 1176 1490 in
1197 1435 1251 1490 uon
1266 1434 1380 1490 tumulo
1395 1443 1516 1493 sanatus
1533 1452 1585 1508 pro
1597 1450 1723 1508 corpora
1741 1434 1852 1509 presul,

185 1518 253 1584 ΟΜ
268 1519 409 1587 linquam
436 1515 534 1571 ῐὶῦῐῑῑῐ
549 1515 680 1571 ⁰011f⁰V02
690 1517 744 1572 182⁰
757 1512 831 1586 ¹³1)ss
1064 1522 1199 1580 Prusulis
1217 1525 1348 1581 obtineat
1361 1525 1481 1597 spiritus
1496 1528 1574 1581 astra
1585 1524 1656 1597 poli.

149 1605 212 1676 ilio,
226 1604 353 1675 Nicolae,
369 1605 422 1660 tibi
438 1621 538 1662 servus
553 1608 674 1662 devotus
688 1604 821 1668 adhesit,
1182 1631 1361 1702 gwpgqum
1376 1631 1496 1689 Simon„
1519 1632 1699 1704 mmsis·

183 1696 292 1754 ¹d⁰lfc⁰
309 1694 383 1752 ³⁰⁸5
399 1711 478 1752 ”⁰¹¹⁰
494 1711 604 1752 ¹⁰⁶¹¹¹⁰f
618 1700 680 1751 ⁰⁸²⁰
695 1694 748 1750 ml·
991 1724 1014 1790 Β
1030 1717 1137 1774 Prssnl
1151 1722 1333 1792 agennensis
1349 1721 1393 1776 vir
1407 1737 1497 1777 canus
1513 1720 1634 1778 nomine
1647 1721 1752 1778 Simon

145 1784 258 1843 christo
273 1786 448 1843 commanda
462 1802 550 1859 quem
566 1786 676 1841 mundo
700 1785 834 1841 Christos
849 1783 969 1853 ademit,
1064 1809 1094 1864 1„
1108 1810 1204 1865 omi,
1219 1809 1328 1876 cm,
1346 1810 1477 1867 moribus
1489 1811 1552 1883 5980
1566 1810 1647 1867 cm·

182 1875 324 1947 3⁰⁰⁰q¹¹⁰
340 1873 493 1946 patrocinii
506 1875 572 1945 5⁰¹⁰
588 1890 671 1976 “lm
686 1873 754 1976 ml·
1026 1898 1068 1953 Ad
1083 1897 1178 1955 natale
1193 1899 1289 1955 solum
1306 1899 1433 1970 rediens,
1448 1900 1483 1955 ad
1493 1900 1708 1972 biturigenses,

169 2053 174 2065 .
232 2053 238 2066 ⁶
344 1965 475 2021 mmm
492 1964 776 2066 Rssinflffllst‘m‘”⁸f⁸·
1061 1987 1183 2057 Occidit,
1199 1989 1289 2060 inque
1304 2004 1358 2044 aua
1370 1988 1592 2046 subtumulatur
1607 1989 1708 2046 bomo.

147 2057 175 2109 ⁸¹
191 2054 260 2127 ΨΜ
276 2053 430 2110 d⁰s¹¹¹¹⁰l⁰⁸
445 2059 545 2125 9⁰³⁸&
559 2069 721 2156 ffliiomlffl
736 2069 852 2125 limma
1026 2077 1163 2134 Presulis
1176 2093 1243 2134 ossa
1255 2078 1329 2133 iovet
1345 2080 1430 2134 modo
1441 2083 1543 2134 saneta
1556 2078 1647 2135 Maria
1658 2077 1806 2144 nolensis,

150 2145 310 2201 ⁰⁰b¹¹⁰l⁸m
325 2147 437 2199 mmm
450 2160 549 2199 levem
562 2149 744 2200 mmmm·
1064 2170 1184 2226 l'cverat
1197 2173 1227 2224 et
1241 2182 1365 2240 puerum
1382 2175 1458 2223 terra
1469 2166 1599 2223 bolensis
1612 2183 1693 2224 enm.

148 2234 203 2288 Sed
220 2249 271 2304 pro
287 2232 434 2288 defunctis
445 2232 541 2304 potius
557 2233 616 2288 duo
632 2235 702 2288 sunt
721 2231 864 2302 iacienda,
1133 2278 1165 2332 In
1180 2275 1332 2347 rotulam
1346 2273 1548 2348 archiepiscopo
1563 2274 1749 2348 Rumam

150 2318 227 2375 ⁰⁵⁰⁸
242 2320 401 2421 (luillllbss
415 2324 444 2418 {l
456 2322 504 2389 1⁰⁵
519 2321 654 2393 d⁶⁵l3¹¹⁸l
669 2320 792 2421 Qud*
1026 2367 1098 2425 Cum
1111 2365 1188 2423 velut
1201 2381 1321 2422 examen
1340 2364 1504 2422 rotulorum
1517 2365 1629 2422 venerit
1643 2366 1679 2421 ad
1695 2382 1763 2435 nos,

147 2406 220 2464 Nm
237 2424 288 2480 lll⁰
301 2407 509 2479 ⁰⁸s⁰¹¹⁰²¹³1⁰⁸
522 2414 550 2464 ⁰²
566 2424 731 2482 ⁰⁰mp⁸⁸⁸¹⁰
746 2408 851 2480 pm&
1026 2455 1149 2513 Mortem
1163 2471 1222 2511 non
1238 2455 1326 2511 vitam
1343 2453 1457 2511 rotulus
1473 2454 1544 2510 mibi
1557 2456 1672 2512 nuntiat
1687 2455 1801 2511 omnis.

147 2496 184 2553 Et
198 2513 250 2570 pm
265 2497 413 2553 mmm
429 2496 583 2552 ⁸⁰¹m⁸bu³
600 2515 750 2569 pr⁰¹¹mu⁸
761 2500 834 2553 ‘Mt'
1024 2542 1153 2599 Nuntius
1168 2557 1236 2613 ergo
1254 2542 1330 2597 ierus
1345 2541 1395 2613 qui
1406 2557 1523 2615 semper
1538 2541 1654 2597 nuntiat
1668 2540 1757 2614 illud,

150 2584 223 2658 &3⁰
237 2587 354 2643 bmvem
385 2587 497 2643 M⁰⁸⁸m
516 2603 660 2657 ⁹⁰⁰⁸m⁰³
676 2605 726 2660 ΨΟ
743 2588 934 2657 mmmm
1024 2633 1086 2700 Quo
1102 2647 1217 2702 semper
1232 2629 1368 2702 lacrymis
1384 2647 1438 2688 nos
1451 2631 1567 2702 impetit
1582 2634 1671 2704 atque
1685 2631 1800 2690 dolore.

1026 2723 1148 2779 Mortem
1165 2721 1317 2778 lismensis
1335 2720 1449 2780 rotulus
1465 2721 1538 2778 dixit
1551 2722 1718 2797 iiaginaldi.

1027 2813 1156 2871 [iurandi
1172 2813 1320 2887 siquidem
1338 2814 1482 2887 pallentes
1497 2815 1624 2872 vidimus
1639 2821 1735 2888 artus,

1024 2904 1097 2961 Cum
1114 2922 1166 2962 uos
1183 2903 1466 2962 ArvernisUrbanna
1481 2921 1555 2977 papa
1570 2915 1714 2964 vocasset.

1025 2994 1084 3054 Nos
1100 2993 1350 3052 cenomannensis
1365 2993 1479 3051 rotulus
1494 2996 1652 3051 commovit
1667 2995 1778 3056 Hoclis.

988 3095 1010 3162 c
1025 3089 1247 3147 Aurelianensis
1260 3093 1395 3162 superest
1409 3089 1468 3161 iam
1483 3090 1585 3146 oberte
1598 3089 1736 3150 Joannls.

1021 3179 1050 3235 si
1067 3185 1163 3236 tamen
1180 3179 1300 3236 abbates
1316 3178 1361 3234 bis
1371 3179 1564 3236 adnumerare
1578 3179 1717 3250 velimus,

148 2675 264 2747 Resque
279 2675 380 2748 procul
396 2679 494 2732 nostro
509 2676 548 2732 sit
559 2676 670 2732 inutilia
686 2695 703 2732 a
717 2678 902 2734 documento.

148 2763 262 2822 Flentes
273 2763 414 2821 lisinaldo
430 2765 566 2821 Remensi
585 2766 809 2839 compatiamur,

143 2854 267 2913 Orantes
278 2859 377 2912 autem
394 2856 566 2927 patriarcba
582 2857 801 2915 subveniamus.

118 2988 124 2997 .
142 2948 197 3001 Pro
208 2950 236 3002 te
247 2950 347 3003 nostra
363 2946 489 3013 madent,
505 2951 592 3004 Pater
606 2947 725 3020 optime,
741 2947 859 3004 iletibus
871 2965 932 3005 ora.

141 3033 267 3091 Oramus
282 3051 334 3106 pro
349 3040 387 3106 te,
404 3052 455 3109 pro
475 3036 571 3107 nobis,
586 3053 842 3109 quorsumnam.

140 3123 257 3198 Colligit
273 3124 407 3182 ultratus
422 3124 560 3183 rotularis
576 3126 701 3198 epistola
716 3125 825 3196 multa,

141 3214 208 3279 Qua
225 3213 308 3285 quasi
324 3218 476 3286 parcentes
492 3216 578 3286 nugis
593 3215 756 3273 transimus
771 3215 879 3272 inulta.

141 3302 176 3359 Et
190 3303 245 3359 luit
257 3301 368 3374 erigus
395 3305 572 3377 condignum
585 3319 703 3375 parcere
718 3304 836 3360 charta.

365 3393 395 3448 lo
414 3394 501 3449 rotato
522 3393 749 3451 Cenomouneml.

142 3478 294 3552 Singultus
311 3479 442 3551 duplices
458 3481 596 3537 rotularis
609 3483 716 3553 pagina
730 3481 851 3553 profert.

176 3568 306 3623 Primum
322 3583 449 3639 namque
462 3567 558 3638 tobel,
573 3569 700 3642 denique
715 3570 793 3626 iievit
808 3568 892 3627 Eoel.

138 3655 233 3713 libbas
248 3654 405 3723 altererat,
421 3658 493 3713 alter
505 3657 560 3714 init
576 3658 679 3716 ordine
693 3659 812 3731 presul,

176 3743 211 3802 Hi
226 3746 419 3802 cenomannis
434 3744 477 3803 sol
493 3745 604 3803 seilicet
618 3747 797 3804 exstiterant.

141 3836 324 3909 llosquoque
341 3840 432 3892 morte
449 3836 510 3907 pari
527 3836 729 3894 modicoDsus
741 3838 838 3912 attigit
853 3841 956 3898 ambos

176 3926 213 3983 Ut
227 3926 431 3982 sluttrauslati
458 3927 555 3983 sidera
572 3928 761 4000 magnopoli.

140 4016 300 4075 Amborum
312 4016 419 4086 pariter
431 4016 516 4072 nobis
531 4017 664 4090 exempla
674 4015 829 4090 refulgent,

178 4106 272 4162 ambo
287 4121 365 4161 nuno
381 4111 498 4162 nostras
513 4107 652 4164 irradient
667 4107 813 4164 tenebras.

141 4193 172 4250 Si
187 4209 255 4249 vero
275 4193 405 4249 maculas
420 4194 567 4252 dedititiis
582 4195 706 4268 quilibet
719 4213 810 4264 error,

179 4282 292 4338 Erroris
307 4283 422 4338 venium
437 4283 645 4357 cunctipotens
664 4287 713 4342 det
735 4286 787 4344 eis.

144 4373 256 4428 interea
271 4372 361 4428 tantis
389 4372 458 4429 urbs
474 4373 604 4430 desolata
620 4375 752 4445 patronis

177 4460 230 4518 Pro
244 4465 272 4517 te
287 4460 375 4517 lunda
392 4477 501 4534 praees,
517 4468 604 4535 atque
620 4469 767 4520 memento
782 4464 836 4520 tui.

138 4548 219 4622 Elige
233 4567 308 4622 quos
324 4551 425 4617 mavis,
445 4555 544 4608 tamen
558 4551 633 4624 elige
648 4552 699 4624 qui
716 4552 768 4608 tibi
784 4553 907 4625 prosint,

173 4640 302 4705 Quorum
314 4640 454 4710 subjectis
466 4640 599 4712 proficiat
615 4640 754 4711 regimen.

139 4728 268 4794 Quorum
285 4743 380 4784 sermo
391 4729 449 4783 duo
465 4729 517 4784 tibi
534 4736 707 4785 testamenta
721 4729 866 4802 propinet,

174 4815 283 4872 celebs
299 4816 436 4872 coelinolis
447 4818 508 4872 vita
522 4821 638 4890 coaptet
664 4832 724 4874 eos.

142 4905 204 4961 lise
220 4904 360 4979 rescripta
375 4905 428 4961 tibi
444 4907 651 4963 transmittunt
667 4908 848 4980 burguliani,

175 4993 228 5051 Pro
239 4999 267 5050 ts
282 4994 444 5067 premissis
454 5010 527 5067 quus
543 4995 637 5051 decuit
652 4996 797 5068 precibus.

136 5082 174 5139 'l's
189 5098 305 5156 qnoque
322 5084 454 5140 iraterne
469 5084 588 5155 pietatis
602 5084 713 5143 viscera
727 5091 844 5157 cogant.

171 5169 362 5228 Commendas
377 5179 491 5229 nostros
506 5188 617 5245 uosque
629 5175 773 5246 precando
788 5174 856 5232 Deo.

205 5262 385 5334 Epitaphium
401 5278 483 5335 sopor
502 5263 612 5320 tio'etom
627 5264 887 5324 emmeramum.

136 5351 343 5422 intempestivo
354 5369 423 5408 casu
439 5353 544 5409 delenit
557 5353 676 5423 Hosius,

170 5438 218 5492 Sol
230 5439 492 5509 Cenomannorom,
510 5440 742 5514 pontificumque
757 5443 854 5502 decus.
1249 5426 1368 5482 mmm
1383 5426 1414 5480 ‘l‘
1425 5422 1609 5495 mmmm·

136 5521 272 5594 biloquio
285 5528 389 5597 duleis,
405 5528 479 5585 nulli
495 5531 602 5602 pietate
616 5533 775 5601 secundus,
1014 5532 1139 5590 Obsecro
1146 5535 1208 5604 jam
1225 5536 1324 5605 pareat
1339 5540 1397 5589 tam
1414 5549 1492 5608 serpo
1503 5532 1601 5591 venire
1616 5533 1753 5595 veredus.

1024 3269 1130 3327 Multos
1142 3269 1262 3326 abbates
1274 3268 1410 3326 rotularis
1429 3269 1533 3341 pagina
1547 3270 1643 3327 dedet.

1023 3355 1311 3423 PictavaGeraleum,
1325 3356 1576 3432 Cenomanoisqne
1588 3358 1711 3429 loetum,

1021 3448 1187 3521 andegavis
1202 3464 1268 3504 vero
1283 3446 1414 3504 Natalem
1425 3447 1512 3504 dellet
1527 3448 1632 3506 obisse.

1021 3536 1129 3594 Multos
1139 3541 1277 3610 pretereo
1292 3536 1334 3593 vel
1352 3554 1425 3611 quos
1440 3537 1650 3608 incuriatollit,

1020 3624 1073 3681 Vel
1084 3642 1156 3695 quos
1172 3642 1217 3683 res
1233 3625 1304 3682 alias
1319 3626 1433 3682 curanti
1450 3625 1556 3683 oblivio
1572 3628 1671 3684 demit.

1022 3714 1109 3772 Venit
1123 3718 1159 3774 ad
1175 3720 1337 3773 extremum
1354 3715 1470 3773 rotulus
1485 3717 1521 3774 de
1532 3717 1656 3788 praesule
1671 3734 1795 3794 magno,

1020 3805 1114 3870 Quem
1129 3803 1200 3861 mibi
1216 3805 1355 3878 precipui
1371 3821 1417 3861 res
1431 3804 1657 3864 commendabat
1671 3810 1799 3867 amoris.

959 3885 967 3912 ⁹
1020 3894 1117 3967 lsqna
1136 3895 1295 3968 promeruit
1308 3894 1416 3967 duplici
1432 3893 1562 3968 fulgebat
1575 3896 1696 3968 honore,

1022 3983 1052 4041 Si
1068 3984 1344 4056 pondusgeminnm
1361 3984 1508 4056 geminum
1526 3986 1662 4043 dicamus
1693 3986 1853 4048 bonorem.

1019 4072 1117 4130 Abbas
1134 4073 1197 4146 ipse
1212 4074 1303 4142 Dotis,
1314 4073 1425 4130 Biturix
1435 4078 1463 4128 et
1473 4075 1630 4147 episcopus
1644 4075 1710 4148 ipse

1019 4162 1142 4219 Sedibus
1157 4163 1301 4219 ambabus
1317 4168 1438 4236 praeerat
1453 4179 1511 4218 non
1527 4163 1702 4221 ambitiose:

1018 4253 1178 4309 aimborum
1195 4253 1315 4308 domum
1328 4253 1421 4325 magis
1437 4251 1707 4324 utilitateooactus,

1019 4341 1056 4397 lit
1069 4341 1180 4398 domini
1198 4358 1278 4414 pape
1293 4348 1395 4399 sancto
1412 4342 1610 4399 moderamine
1624 4343 1731 4400 virtus.

977 4457 1000 4522 D
1019 4432 1102 4486 Hunc
1117 4430 1314 4487 audebertum
1328 4429 1457 4487 validum
1472 4430 1651 4502 iuvenilibus
1666 4434 1756 4491 annis

1016 4518 1110 4575 liliosa
1124 4535 1204 4574 mors
1220 4518 1323 4591 rapuit,
1340 4535 1402 4589 qua
1418 4519 1491 4574 nulli
1507 4536 1625 4593 parcere
1648 4523 1739 4580 novit.

1015 4608 1056 4663 En
1073 4607 1143 4662 mibi
1161 4607 1210 4662 dat
1224 4607 1368 4681 lacrymas
1383 4607 1521 4664 rotularis
1532 4607 1657 4682 epistola
1672 4611 1766 4670 vivas.

1014 4696 1073 4752 Has
1089 4694 1232 4767 lacrymas
1248 4697 1369 4752 reduces
1394 4696 1482 4752 iabiet
1498 4712 1562 4753 mea
1577 4699 1702 4769 questio
1716 4717 1851 4780 semper,

1014 4784 1177 4841 audeberte
1193 4801 1256 4841 meo
1273 4801 1326 4842 neo
1337 4790 1453 4857 pectore
1468 4783 1655 4857 dimovearis,

1014 4873 1073 4930 Neo
1089 4876 1114 4930 ai
1129 4874 1198 4945 quid
1214 4874 1332 4930 valeant
1346 4873 1456 4930 nostris
1471 4874 1607 4946 precibus
1620 4879 1804 4949 reproberis.

1014 4961 1073 5018 Vos
1089 4963 1190 5035 igitur,
1206 4964 1323 5031 iratres,
1335 4964 1371 5020 de
1385 4963 1468 5020 vobis
1482 4964 1674 5021 subtituendo

1016 5052 1169 5109 Procurato
1184 5054 1256 5120 viro,
1273 5051 1385 5108 Biturix
1399 5051 1479 5116 urbs,
1491 5068 1620 5125 grexque
1638 5055 1779 5117 Dolensls

1014 5140 1049 5197 Et
1065 5158 1115 5212 pro
1131 5141 1277 5197 defunctis
1291 5139 1391 5196 otierte
1407 5141 1572 5215 precamina
1589 5143 1709 5217 nostris,

1015 5229 1266 5301 Communemque
1277 5230 1392 5286 Patrem
1407 5229 1558 5286 communi
1572 5232 1686 5303 tangite
1709 5241 1793 5308 voto,

1015 5319 1050 5376 llt
1059 5320 1107 5374 det
1119 5319 1228 5390 pastori
1237 5320 1334 5375 sedem
1351 5316 1554 5391 snperetbera
1564 5324 1661 5377 vestro
