3788 6000
101 249 179 310 itus
585 246 685 310 11st
705 243 870 309 ORDINlS
890 243 1067 307 cistulis.
1092 276 1130 292 ·-
1150 245 1252 311 Peles
1276 246 1315 310 Ii.
1731 246 1811 311 tiso

99 383 272 458 supplicans
287 383 445 441 sacerdoti.
456 382 495 438 id
507 381 720 440 contessionem
736 382 844 439 stated
860 381 926 439 dex·
939 382 967 451 Α
980 381 1080 455 ipsum
1094 381 1196 451 eitere,
1212 389 1241 442 et
1255 381 1398 457 incipiens
1409 399 1427 440 e
1439 383 1541 441 dextre
1556 386 1640 457 perte
1649 382 1814 444 circumest

102 481 206 532 terem.
224 472 340 531 liisseie
358 473 385 529 lo
404 472 503 530 dextro
515 488 604 530 cornu
625 471 738 540 aitaris,
754 471 879 529 'iextum
896 471 926 527 iu
984 471 1054 529 iiiud
1065 475 1248 548 aspergendo
1258 473 1570 547 quousquepsrreuiet
1580 472 1610 529 in
1620 473 1808 533 anteriorem:

103 566 222 622 sinistro
233 568 333 638 ponet,
345 565 422 638 quod
436 569 501 637 post
516 562 705 638 iivsngelium
720 562 844 621 euieret.
860 562 929 619 Post
981 561 1031 618 ubi
1046 562 1192 622 inclinans
1206 571 1342 637 esperget
1366 563 1580 638 presbyterium
1591 561 1661 619 binc
1674 565 1705 619 et
1724 560 1806 622 inde.

103 655 264 728 Epistoism
282 671 388 712 monus
404 654 551 722 iavet,ubi
566 659 596 712 et
611 654 764 712 diaconus.
778 653 884 710 Panem
900 655 930 709 et
980 650 1099 710 iuterim
1114 670 1182 711 vero
1194 654 1330 712 minister
1344 655 1588 727 recipietequem
1618 653 1648 710 in
1673 652 1809 726 quolibet

101 747 202 802 riuum
219 744 378 808 ministret.
394 750 422 800 et
437 748 573 817 petonem
584 746 614 800 st
626 742 747 801 culicem
763 740 930 800 sileretile·
980 742 1092 799 reseda
1107 746 1223 803 urceolo
1233 744 1330 819 inquo
1342 749 1474 818 setaque
1484 743 1806 810 benedicts‚etbebens

103 835 198 893 sulem
214 833 322 902 trehet,
340 849 440 907 pecem
457 837 485 890 sl
499 832 737 890 communionem
749 847 865 904 semper
879 845 929 887 ec·
981 832 1162 904 sparsorium
1174 833 1254 892 eliud
1277 836 1440 893 cicestrum
1451 839 1597 910 asperget,
1626 837 1656 892 et
1669 833 1806 892 cilicinas

102 925 204 998 cipiet,
216 928 336 997 excepte
351 922 443 980 misse
457 922 675 992 defunctorum,
692 922 722 979 iu
742 937 802 996 que
816 935 869 978 nec
880 937 930 994 pe·
981 922 1093 981 scilicet
1120 925 1296 999 capitulum,
1324 927 1515 995 auditorium,
1541 923 1749 983 dormitorium
1774 932 1803 983 st

101 1032 164 1073 cem
180 1029 366 1082 sumere,uec
376 1014 594 1071 communicare
620 1012 698 1070 iicet.
714 1009 927 1084 lecturussspi·
981 1013 1145 1072 dormitorii
1161 1016 1577 1086 necessarie,ceieinctorium,
1606 1012 1803 1073 relectorium:

103 1107 210 1164 stolam
228 1106 302 1162 ieret
315 1103 477 1179 iipistolere
491 1104 521 1160 in
536 1102 690 1162 ecclesiam
706 1106 865 1176 antequem
881 1103 928 1159 in·
980 1105 1301 1178 ecquinam,ceiierium
1315 1108 1513 1177 (idtiledieos
1524 1104 1807 1165 eutemdsoliicinis

100 1196 221 1266 duntur,
236 1200 264 1252 et
279 1198 344 1269 post
358 1194 479 1252 missam
496 1194 563 1252 inde
577 1195 693 1251 reiensi.
709 1192 852 1250 Sacerdos
862 1206 928 1248 rerc
982 1195 1006 1252 si
1019 1195 1229 1270 quidsupersst
1239 1197 1266 1254 si
1276 1197 1312 1255 de
1323 1197 1386 1271 ipse
1397 1197 1625 1270 eque,luiundet
1640 1195 1670 1254 iu
1681 1202 1807 1270 reoeple·

107 1287 142 1343 ed
159 1284 318 1359 tegendum
333 1282 518 1356 Evangelium
535 1287 613 1357 petet
637 1282 872 1340 benedictionem
892 1281 929 1336 eb
981 1284 1081 1342 cuium
1098 1287 1175 1358 quod
1192 1286 1280 1343 ested
1291 1286 1445 1343 introitum
1455 1284 1588 1343 dentosis
1599 1290 1634 1343 ed
1652 1286 1806 1359 boodepo·

103 1376 220 1442 abbeie,
232 1392 290 1431 uon
306 1378 405 1430 mmen
430 1373 611 1431 descendeus
635 1373 670 1428 de
695 1370 787 1444 gradu
816 1368 927 1427 eiteris.
981 1378 1087 1434 tetum
1104 1376 1159 1433 Ves
1174 1380 1272 1433 eutem
1288 1376 1366 1449 quod
1378 1380 1459 1432 tenet
1473 1380 1502 1432 et
1516 1375 1713 1448 aspersorium
1721 1390 1807 1447 rspo-

103 1465 234 1522 Periecto
249 1464 406 1537 Evangelio
426 1463 550 1532 ibidem,
566 1461 645 1518 dicet
674 1460 759 1518 Credo
786 1459 818 1516 iss
841 1475 929 1515 uuum
981 1464 1072 1521 nstin
1085 1466 1232 1523 vestieris.
1248 1465 1390 1521 Sacerdos
1400 1479 1468 1521 vero
1483 1469 1566 1521 steus
1576 1479 1667 1536 cupre
1680 1462 1804 1536 gradum

105 1557 200 1622 Deum,
212 1554 237 1610 si
247 1555 406 1610 dicendum
422 1553 520 1609 luerit.
537 1552 572 1609 iit
585 1568 652 1610 mox
667 1551 788 1608 secedet
809 1550 844 1606 ed
860 1550 928 1606 dex·
982 1555 1155 1629 presbyterii
1165 1556 1392 1628 aspergatprins
1403 1554 1804 1627 ebbetsmposteessipsum,

103 1650 182 1701 trum
199 1660 287 1701 cornu
304 1644 408 1702 eileris
428 1644 536 1701 ibidem
554 1643 699 1712 dicturus,
727 1643 860 1699 Dominus
880 1655 927 1697 ro·
982 1644 1087 1702 deinde
1103 1644 1254 1702 ministros
1268 1649 1298 1701 et
1310 1650 1430 1702 ceteros
1442 1647 1611 1701 secedentes
1627 1660 1644 1699 e
1659 1641 1804 1717 superiori

102 1740 678 1811 ticcam.QuanDorercCrcdoiossusm
693 1741 780 1795 Deum
808 1753 864 1793 nou
882 1735 926 1791 di·
981 1731 1542 1808 perteeboriinteriormssetsediiis,
1572 1731 1649 1788 siout
1674 1746 1709 1789 ee
1731 1730 1806 1789 hore

101 1833 188 1900 citur,
201 1831 241 1888 ibi
257 1833 335 1888 dicet
349 1834 485 1889 Dominus
504 1829 706 1902 ootiwsm,ubi
718 1829 787 1902 legit
796 1832 926 1900 Drange-
982 1823 1099 1881 stsutiu
1108 1822 1455 1888 cboro.0oirevertentes
1464 1822 1601 1879 deorsum
1613 1836 1664 1894 per
1674 1820 1805 1878 medium

101 1921 186 1977 lium.
982 1914 1105 1972 eborum
1120 1914 1260 1971 escendat
1271 1913 1476 1986 uuusquisque
1490 1912 1526 1968 ed
1543 1911 1639 1969 iocum
1656 1926 1744 1967 suum
1759 1914 1807 1967 set

137 2011 294 2068 Sciendum
307 2026 374 2068 vero
385 2007 726 2084 quodomnibusdiebus
738 2006 925 2080 quibusccn·
983 2003 1086 2061 novitii
1101 2004 1153 2076 qui
1174 2007 1242 2061 ente
1272 2004 1381 2060 iormes
1392 2002 1559 2059 consistunt
1583 2000 1693 2074 espersi
1729 2015 1807 2073 eque

100 2109 203 2156 ventus
219 2099 430 2169 eommunicet,
447 2103 572 2171 possunt
588 2098 637 2154 ubi
653 2111 773 2154 neeesse
788 2094 926 2163 tuerit,ed
982 2099 1165 2152 revertentur
1176 2093 1296 2150 ibidem.
1310 2092 1366 2160 Qui
1387 2107 1455 2150 vero
1475 2101 1555 2149 extra
1575 2090 1698 2149 chorum
1720 2088 1806 2148 sellu

101 2189 223 2255 missam
240 2188 445 2245 matutinalem
462 2186 563 2260 plures
579 2186 681 2244 bostis
697 2183 874 2256 consecrari,
897 2188 926 2242 et
983 2184 1195 2242 retrochorum
1212 2184 1331 2254 luerint,
1346 2188 1405 2240 tem
1419 2183 1557 2241 mouschi
1572 2198 1663 2256 quem
1693 2179 1806 2252 nositli,

101 2296 191 2352 super
206 2285 343 2351 patenam
359 2276 623 2335 communicaturis
638 2275 786 2346 distribui,
811 2279 840 2331 st
854 2278 927 2332 tunc
984 2273 1101 2331 venient
1117 2291 1167 2347 per
1178 2272 1360 2347 superiorem
1372 2273 1524 2330 introitum
1536 2272 1628 2344 cheri,
1640 2276 1667 2329 sl
1684 2286 1736 2346 per
1747 2286 1808 2330 ms·

103 2371 237 2426 minister
256 2369 281 2425 si
297 2368 359 2426 iieri
375 2368 620 2440 potestdieconus
634 2366 735 2435 sit,ille
749 2364 860 2423 scilicet
874 2362 926 2437 qui
984 2364 1064 2421 dium
1081 2363 1204 2421 eborum
1220 2367 1413 2422 revertentur.
1429 2363 1471 2421 De
1485 2361 1631 2420 conversis
1644 2376 1712 2419 sero
1731 2376 1807 2420 uus·

104 2459 277 2532 precedenti
293 2458 478 2516 hebdomade
491 2456 646 2531 Evangelio
658 2455 753 2514 lueret
767 2454 925 2529 ascriptus.
983 2470 1104 2528 queque
1118 2453 1243 2513 ecclesie
1252 2452 1513 2512 iscietsecuudum
1525 2451 1699 2527 positionem
1711 2449 1807 2525 ipsius

101 2554 174 2605 item
191 2548 302 2606 celeris
317 2552 376 2605 lem
390 2548 511 2622 privetis
526 2564 616 2621 quem
630 2546 742 2604 testivis
769 2546 873 2603 dicbus
888 2544 926 2601 sd
984 2546 1113 2605 oretorii.
1758 2580 1762 2587 ·

102 2654 206 2696 omncs
218 2639 323 2695 usioses
336 2654 394 2694 une
405 2642 519 2694 tanturn
533 2636 926 2706 bostieeooseeretur,cujns
1019 2635 1115 2692 Dicite
1126 2634 1295 2710 Antiphone
1305 2635 1441 2692 secerdos
1456 2631 1654 2690 intermittens
1663 2629 1807 2706 aspersio·

102 2732 218 2784 tertium
236 2731 345 2799 partein
362 2726 498 2783 secordes
509 2723 724 2797 superceiioem
736 2733 837 2781 tenens
847 2737 926 2780 com·
983 2725 1186 2793 nisoliioium,
1207 2740 1312 2782 versus
1340 2724 1377 2781 ed
1407 2723 1498 2780 altere
1526 2721 1605 2781 dicet
1636 2720 1806 2792 Dolieetsm,

102 2815 611 2888 munireturisdistribuet,etpostea
626 2813 927 2888 sanguinemeomo·
983 2814 1169 2884 Dsoudioos,
1184 2814 1215 2872 in
1231 2813 1294 2873 loco
1309 2830 1368 2887 quo
1398 2818 1467 2871 stet.
1497 2813 1533 2870 itt
1560 2812 1686 2885 inempte
1710 2811 1808 2870 Tertio

105 2911 214 2978 doque
237 2908 394 2965 diaconum
411 2906 506 2963 lacere
535 2903 672 2978 superius
699 2902 840 2970 diximus,
868 2900 926 2959 nisi
987 2905 1161 2978 postiliorio
1175 2906 1266 2974 Petri,
1295 2909 1418 2975 emplum
1443 2903 1639 2976 subsequetur
1661 2901 1809 2974 espersio·

100 2997 243 3054 dreoouus
254 2995 584 3053 adiueril.iitsciendunr
594 2994 671 3067 quod
684 3007 927 3067 uunquemoscu·
983 3011 1061 3053 nem.
1078 3000 1146 3064 Quo
1162 2996 1185 3053 si
1198 2995 1271 3052 iorte
1285 2995 1322 3050 nd
1337 2993 1432 3051 Gloria
1447 2992 1533 3066 primi
1550 2991 1804 3065 pselmiuondum

97 3086 176 3144 ieiur
189 3104 295 3143 manus
310 3086 425 3143 abbatis
439 3086 483 3141 vei
500 3082 660 3141 sacerdotis
671 3083 728 3140 nisi
742 3084 778 3139 ed
794 3081 927 3156 missam,
983 3090 1103 3159 persole
1117 3085 1465 3157 luerit,prssbytsrstnns
1479 3083 1509 3140 in
1524 3082 1626 3139 eodem
1642 3080 1807 3156 iocoseque

96 3184 123 3232 et
143 3177 198 3233 boc
215 3183 330 3233 tentum
347 3175 377 3232 iu
393 3174 465 3232 iocis
480 3190 572 3247 supra
584 3172 928 3245 determinetisetqusn·
942 3156 967 3225 C
982 3180 1050 3248 post
1074 3174 1168 3231 Gloria
1191 3175 1272 3230 Petri
1300 3173 1500 3247 aspersionem
1522 3170 1718 3230 intermittet:
1748 3186 1808 3245 qus

99 3267 136 3322 do
150 3266 237 3323 ditur
251 3266 279 3322 in
297 3272 439 3322 conventu
456 3263 555 3321 abbati
571 3263 653 3337 virge
669 3262 835 3337 pastoralis,
850 3268 880 3319 et
893 3262 925 3321 in
982 3270 1110 3337 pernota,
1122 3262 1259 3319 redeatis
1275 3260 1469 3319 ioeumsuum
1485 3260 1624 3317 etsedeet
1638 3275 1706 3316 cum
1718 3258 1806 3316 mini·

100 3356 412 3414 Puriileetionebeeln
429 3354 526 3412 Maris
542 3354 579 3411 ed
609 3353 788 3411 oblationem
815 3352 923 3411 cende·
981 3348 1810 3425 stris.Deindesecretariusportetequsmbospitibusst

100 3443 209 3504 iarum.
980 3443 1109 3511 iemiiiss,
1124 3448 1154 3500 et
1168 3447 1258 3517 ponet
1272 3441 1341 3499 lude
1355 3441 1384 3498 io
1400 3457 1451 3498 res
1468 3441 1546 3498 unde
1561 3454 1678 3513 semper
1692 3454 1802 3513 equom

415 3534 532 3594 CAPUT
552 3534 606 3591 tv.
978 3535 1111 3609 accipere
1125 3532 1231 3602 solent,
1246 3533 1353 3590 deiude
1367 3531 1397 3587 in
1418 3548 1468 3589 ves
1487 3545 1707 3590 conversorum.
1721 3531 1803 3588 Dicte

284 3633 346 3703 (leo
359 3628 464 3686 ordine
477 3627 742 3698 tenedtmturcpsc.
979 3627 1078 3681 eutem
1093 3622 1251 3680 Tertietem
1268 3619 1426 3680 Dominicis
1441 3620 1555 3691 diebus,
1565 3636 1654 3694 quem
1664 3617 1802 3678 solemni·

131 3716 281 3777 Dominioo
293 3719 341 3775 die
362 3717 477 3790 pulsato
489 3717 572 3788 signo
582 3716 616 3771 ed
641 3713 781 3779 Tertiam,
798 3713 923 3771 servitor
977 3715 1090 3772 letibus
1105 3713 1215 3787 quibus
1230 3730 1288 3772 non
1305 3712 1475 3770 iuberemus
1486 3712 1567 3769 omni
1579 3710 1801 3785 temporeetie·

93 3809 222 3868 ecclesie
234 3811 395 3880 preparate
407 3804 532 3863 iormule
543 3803 764 3877 supergredum
775 3803 922 3876 presbyte·
977 3803 1032 3859 stis
1046 3803 1156 3874 quibus
1166 3802 1335 3861 lsboremus
1352 3803 1381 3860 ln
1397 3806 1509 3871 estete,
1521 3818 1589 3859 mox
1605 3805 1710 3859 centor
1723 3799 1801 3859 inci·

94 3897 141 3965 rii,
157 3902 248 3971 ponet
262 3896 305 3953 sei
317 3900 346 3953 et
356 3912 463 3969 aquam
478 3894 683 3966 desuperoum
700 3892 863 3965 sparsorio,
892 3898 922 3950 et
977 3892 1038 3965 piat
1052 3891 1218 3956 lutroitum,
1230 3891 1317 3948 etiem
1327 3889 1542 3965 puissuletuno
1553 3889 1653 3947 tabule
1665 3904 1717 3964 pro
1725 3904 1802 3946 mon·

94 3987 205 4043 indutis
221 3984 365 4042 ministris
379 3990 409 4042 et
419 3983 579 4052 secerdote,
596 3991 818 4056 prosperamque
833 3980 919 4037 sileri
975 3987 1038 4039 luo.
1048 3980 1190 4039 Similiter
1198 3980 1285 4039 reciet
1302 3981 1426 4056 privetis
1437 3981 1542 4038 diebus
1569 3980 1600 4037 in
1615 3983 1725 4047 estete,
1742 3978 1803 4037 nisi

93 4078 171 4134 sicut
186 4092 277 4149 cupre
290 4076 429 4144 diximus,
458 4075 563 4131 iterum
592 4071 725 4146 pulsetur
749 4069 917 4145 signumad
975 4070 1047 4129 iorle
1063 4071 1131 4129 teiis
1147 4071 1234 4129 inerit
1249 4070 1345 4144 mirso,
1358 4088 1423 4145 ques
1436 4087 1488 4146 pro
1503 4068 1639 4144 presenti
1662 4070 1799 4129 deiuuoto

90 4163 572 4230 convocandumcoosentum.0ui
588 4163 736 4221 venientes
747 4161 920 4219 ordinentur
974 4160 1078 4219 debeet
1089 4160 1255 4219 intermitti.

89 4257 167 4313 sieut
181 4256 216 4311 ed
234 4255 367 4313 missam.
385 4253 468 4321 Ouod
482 4268 600 4326 semper
613 4252 724 4310 iaciant
738 4252 774 4309 ed
788 4250 918 4309 'l'ertism
1279 4249 1398 4308 CAPUT
1418 4250 1489 4310 LVI.

91 4362 159 4404 cum
174 4363 240 4403 mox
255 4349 394 4403 secuturo
415 4350 460 4401 est
487 4343 589 4400 misse.
621 4342 655 4399 Dt
680 4341 804 4399 dimisso
832 4341 917 4415 signo
1081 4343 1220 4413 Quomodo
1233 4346 1381 4400 conventus
1406 4358 1435 4401 sc
1450 4343 1689 4416 opotoctosissos.

90 4439 125 4492 ed
143 4437 273 4493 sonitum
288 4436 394 4510 prioris
410 4436 461 4490 liet
475 4434 577 4490 oresio.
593 4432 654 4497 Qua
666 4431 820 4506 complete,
836 4447 916 4490 ecce·
1009 4433 1477 4508 Omnibusdiebnsquibusduss
1493 4433 1590 4491 misse
1615 4432 1796 4493 celebrendes

89 4525 140 4581 det
150 4526 288 4581 sacerdos
304 4529 370 4581 ente
384 4522 510 4596 gradum
524 4522 694 4597 presbyterii
711 4526 813 4580 tenens
828 4519 955 4587 ociis-1)
974 4528 1053 4591 sunl,
1073 4524 1104 4580 iu
1119 4525 1248 4581 secunde
1264 4523 1356 4580 misse
1371 4522 1568 4597 iiyriecteiscu
1593 4522 1752 4597 incipietur
1765 4520 1797 4579 iu
1826 4581 1828 4585 ,

88 4624 237 4672 clausum.
254 4615 308 4679 Qui
324 4629 391 4670 cum
407 4613 447 4670 ibi
465 4613 616 4669 edveuerit
629 4611 751 4669 inclinet
765 4612 799 4668 ad
815 4610 915 4669 altere.
970 4613 1021 4672 ilio
1035 4613 1123 4671 cboro
1138 4615 1169 4670 in
1180 4629 1238 4686 quo
1250 4618 1296 4670 est
1310 4614 1510 4669 iuvitatorism
1525 4629 1536 4670 .·
1550 4612 1580 4668 iu
1608 4612 1704 4685 prime
1730 4625 1795 4668 sero

89 4705 201 4761 Deinde
215 4705 372 4762 benedicet
387 4703 431 4759 ssi
447 4710 475 4760 et
488 4718 595 4775 equam
607 4701 743 4759 similiter
759 4718 766 4758 ι
794 4701 872 4759 sicut
886 4700 915 4758 in
971 4704 1062 4761 misse
1076 4703 1270 4760 inchoeturin
1287 4702 1390 4759 eitero.
1406 4702 1438 4758 iu
1455 4701 1614 4760 Netiritsto
1626 4700 1741 4758 Domini
1759 4699 1797 4757 ed

89 4793 269 4851 collectaneo
282 4793 409 4849 babetur
424 4808 431 4848 :
448 4797 552 4850 teneus
569 4808 689 4849 menum
704 4792 831 4864 desuper
845 4790 915 4847 dum
971 4793 1093 4850 missam
1105 4794 1231 4851 densete
1245 4791 1372 4848 incborc
1382 4791 1544 4849 inritstcril
1558 4789 1724 4863 incipietur.
1732 4790 1796 4858 Quo

89 4886 285 4940 exorcismum
301 4881 554 4940 dixeritlitmissc
569 4881 599 4938 iu
613 4881 732 4938 modum
748 4879 845 4938 erucis
855 4878 916 4937 saie
975 4882 1069 4955 linito,
1085 4886 1303 4940 convertentes
1321 4882 1357 4939 sd
1373 4880 1475 4938 eitere.
1490 4881 1519 4937 Si
1535 4881 1673 4938 secerdos
1693 4880 1798 4939 dixerit

87 4972 118 5029 in
135 4973 428 5045 queeuorcismuque
444 4971 587 5045 perdicto,
603 4970 706 5028 reddet
720 4968 828 5025 librum
843 4968 915 5025 sub·
971 4972 1106 5032 clericis
1120 4970 1237 5029 excelsis
1253 4973 1317 5043 Dee,
1332 4973 1402 5028 dum
1432 4976 1537 5029 sentos
1560 4970 1673 5044 incipit,
1705 4971 1739 5027 ss
1762 4971 1796 5027 iss

89 5063 222 5132 diacono,
236 5062 286 5134 qui
300 5067 330 5119 et
345 5062 460 5119 euleret
471 5058 610 5125 telinum,
626 5075 739 5134 ponent
754 5056 917 5116 1111111601·-
971 5070 1047 5121 terro
1060 5079 1120 5132 pos
1132 5061 1292 5119 bominibus
1308 5059 1796 5120 tooaeroiurtctisreduceutvultus

88 5167 154 5207 eum
172 5166 262 5224 super
276 5153 401 5224 gradum
415 5148 599 5224 presbyterii.
620 5153 743 5206 ceutcrs
760 5146 850 5221 igitur
861 5147 917 5206 im·
971 5152 1050 5209 sicut
1063 5155 1157 5208 erent.
1172 5150 1246 5208 Cum
1261 5156 1359 5207 eutem
1375 5148 1503 5207 dixerint
1516 5149 1666 5207 ideramus
1691 5154 1729 5220 te,
1747 5148 1793 5207 in·

87 5246 212 5315 ponente
227 5241 443 5309 Antiphonem,
460 5242 559 5297 sumet
573 5240 709 5296 secerdos
724 5238 917 5312 sperscrium,
971 5248 1091 5296 curvent
1104 5255 1145 5305 se,
1161 5239 1307 5313 erigentes
1323 5252 1355 5295 se
1369 5239 1405 5295 sd
1420 5238 1610 5312 Glorificcmus
1624 5248 1661 5309 te,
1676 5240 1798 5299 sisimi-

87 5331 137 5403 qui
152 5329 281 5403 intigens
295 5330 325 5388 iu
341 5347 418 5403 eque
431 5327 618 5389 escendsted
627 5328 717 5386 alters
727 5327 917 5386 iueiinsnaed
972 5329 1038 5388 liter
1047 5328 1190 5388 inclinent
1203 5330 1238 5387 ed
1249 5329 1368 5399 Dusmpc
1381 5330 1595 5404 deprecationem
1606 5339 1741 5390 nostrum.
1750 5332 1795 5391 lid

88 5419 213 5493 gradum
228 5419 235 5474 i
240 5420 322 5492 psius
334 5417 445 5476 altaris.
458 5418 565 5476 Deinde
580 5421 834 5491 aspergetsqusm
849 5421 919 5476 ente
973 5417 1041 5475 cum
1053 5420 1147 5475 roseto
1161 5416 1271 5491 Spiritu
1283 5432 1351 5475 vero
1366 5416 1484 5491 signent
1498 5434 1530 5476 se
1544 5422 1574 5476 et
1585 5422 1796 5480 convertentur

126 5621 181 5706 (is)
191 5630 264 5689 iicte
278 5626 485 5702 untiquitetem
500 5639 574 5684 usus
588 5638 670 5698 sons
684 5620 790 5684 baum
805 5636 865 5681 non
874 5617 974 5680 scium
988 5618 1018 5676 in
1036 5632 1190 5693 personas,
1199 5617 1251 5678 sed
1265 5616 1296 5678 in
1311 5615 1792 5703 quebbetloosmcnsstsriorum.
1879 5672 1882 5679 .
