3788 6000
60 204 123 265 'tat
534 208 585 269 ott
607 212 751 273 Gllb'llb
775 213 837 273 but
863 209 968 271 attriti
990 212 1057 274 Xll.
1081 246 1118 257 -—
1143 215 1215 276 LIB.
1240 216 1306 277 Vll.

1713 230 1773 289 titt

60 328 141 392 tione
156 334 291 393 videlicet
305 338 416 410 gaudii,
432 341 544 397 mundo
567 341 708 401 inclamat
731 346 888 403 adventum
905 348 932 417 Α
948 362 1012 417 qua
1028 350 1056 404 at
1071 346 1135 419 ipsa
1147 347 1288 421 populum
1305 350 1355 407 Dei
1374 352 1482 423 premit
1505 370 1538 410 uo
1565 359 1768 430 persequitur:

58 425 168 499 judicis
179 426 237 483 sui.
252 431 275 484 0
291 427 421 485 novitesl
439 448 455 488 ο
473 433 647 491 miraculum
662 435 668 491 l
685 451 702 492 ο
727 435 889 508 pulcherri·
943 440 973 493 et
985 437 1020 494 de
1036 441 1178 508 potestate
1192 438 1354 496 Pharaonis
1370 442 1486 499 dextera
1501 444 1552 500 Dei
1566 444 1698 505 liberatis
1716 450 1770 509 ite-

61 520 408 579 mumettbeatromundi
419 524 801 599 incognitumspsctaculunr
810 528 817 584 l
825 528 891 586 Par-
944 543 1009 583 rum
1019 528 1106 600 alque
1117 531 1223 585 iterum
1234 533 1327 587 tentat
1338 533 1445 604 peccati
1456 532 1604 605 imponere
1612 538 1768 597 tributum.

59 609 121 665 vuli
136 610 230 666 nostri
241 610 272 665 in
285 616 368 667 utero
380 612 448 669 ludo
458 631 514 670 suo
525 616 581 672 sibi
594 618 730 674 insiciam
742 618 888 686 alludunt,
943 617 992 672 list
1002 622 1031 672 ct
1041 616 1122 674 uliud
1133 621 1161 674 in
1170 619 1245 676 libro
1256 625 1367 693 Regum
1379 626 1466 678 tuneo
1475 627 1591 693 nostre,
1607 626 1694 696 idest,
1704 646 1768 702 gra·

60 700 111 756 sed
122 715 181 757 non
191 700 269 756 sicut
279 703 383 758 ismael
394 703 485 770 isaac,
495 704 655 763 alteralteri
664 707 770 764 illudit.
780 706 891 764 alludit
944 707 989 763 tiss
1004 709 1162 775 canticum,
1171 727 1236 783 quas
1247 714 1377 769 oratione
1388 714 1423 769 ud
1440 719 1529 771 Deum
1542 733 1599 774 non
1611 736 1663 791 pro
1676 727 1767 780 morta

62 793 295 865 benignissimus
311 795 449 852 dominus
463 798 566 855 devoto
577 799 698 870 lamulo,
710 801 836 873 gratiam
849 801 892 857 in·
944 797 1144 864 inimicorum,
1160 801 1208 855 scd
1226 817 1276 871 pro
1292 801 1387 858 lructu
1404 804 1514 859 ventris
1530 806 1575 862 sui
1592 809 1657 864 lusa
1674 816 1703 866 et
1717 829 1768 869 ex·

58 885 210 942 tundendo
223 884 345 955 ;alludit
356 886 461 944 humili
473 889 607 946 servulus
617 892 663 961 pio
675 891 804 959 domino,
814 908 888 963 quas
943 887 1053 956 auditu,
1071 887 1197 943 hostiam
1214 889 1310 946 laudis
1325 890 1383 946 Deo
1398 893 1533 963 ollcrens,
1554 898 1699 955 canticum
1717 918 1767 959 ux.

58 973 179 1029 interim
196 978 295 1045 potest
310 975 420 1046 gratiss
443 976 594 1033 referendo
621 977 726 1034 blludit
751 979 889 1036 dominus
943 974 1223 1034 sultationissdidit:
1238 980 1768 1061 etuniusilliiindignitatesupcrnu·

58 1079 154 1129 servo¹
166 1063 323 1119 adventum
337 1066 889 1134 suummanifestandoralluditservus
943 1082 1090 1122 merosum
1105 1066 1218 1123 emula
1234 1084 1294 1124 sue
1310 1069 1440 1126 sobolem
1455 1075 1549 1146 gratie
1571 1075 1622 1134 Del
1646 1094 1678 1134 ss
1702 1096 1767 1138 esse

57 1153 189 1221 domino,
206 1154 364 1209 adventum
381 1154 474 1226 ipsius
498 1160 582 1225 gestu
607 1157 736 1229 corporis
762 1157 888 1230 propbe—
942 1155 1304 1229 dilatatam,gloriabunda
1316 1160 1493 1218 cecinitiied
1503 1165 1570 1235 quia
1581 1170 1765 1240 propositum

58 1243 161 1299 tendo.
176 1242 249 1298 lloce
264 1241 376 1313 parvuli
393 1244 496 1312 nostri,
513 1245 590 1300 sicut
605 1245 648 1301 illi
673 1247 703 1302 in
729 1253 809 1302 utero
833 1247 888 1302 lia-
943 1245 1014 1302 mihi
1032 1263 1089 1302 non
1105 1250 1150 1304 est
1164 1247 1261 1304 omnia
1275 1249 1381 1307 veteris
1395 1250 1523 1309 historie
1548 1272 1626 1312 nuno
1650 1260 1765 1318 cantica

59 1331 154 1387 baccae
171 1331 373 1400 contendunt,
390 1333 441 1388 sed
457 1349 514 1389 non
530 1338 563 1388 ut
578 1333 651 1391 alter
668 1334 792 1392 alterum
816 1352 888 1407 sup·
942 1333 1099 1402 revolvere,
1113 1336 1224 1394 reniam
1242 1338 1278 1393 ad
1302 1337 1375 1395 illud
1399 1341 1564 1399 Salomonis
1588 1344 1618 1400 in
1644 1348 1765 1407 canticis

58 1420 184 1494 plantet,
200 1422 252 1478 sed
267 1426 299 1477 ut
314 1422 388 1478 alter
404 1423 529 1480 aiterum
555 1424 666 1481 mundo
690 1426 885 1482 commendet.
941 1425 1184 1496 famosissimum,
1200 1431 1230 1483 et
1244 1432 1362 1500 propter
1377 1431 1615 1502 quamdam,imo
1626 1451 1766 1510 magnam

60 1510 254 1568 Commendat
268 1509 401 1567 cbristus
413 1512 569 1583 ioannem,
585 1519 725 1586 tanquam
750 1514 887 1572 fidelissi·
940 1517 987 1570 sui
1004 1514 1205 1572 excellentiam
1221 1534 1279 1573 non
1294 1517 1391 1574 solum
1407 1519 1567 1592 canticum,
1583 1525 1633 1581 sed
1650 1532 1678 1583 et
1691 1527 1764 1584 Can-

59 1618 143 1658 mum
173 1601 334 1658 tumulum:
364 1604 551 1660 commendat
577 1605 705 1663 loannes
737 1606 885 1663 Christum
941 1603 1434 1679 ticumcanticorumuppellatum,
1452 1609 1764 1674 ubinullusdeboste

58 1691 182 1757 mundo,
202 1696 343 1762 tanquam
371 1709 475 1764 nouum
503 1695 561 1760 ilci,
593 1697 640 1766 qui
669 1694 747 1751 toltit
773 1700 923 1794 peccotoB
941 1698 1049 1759 metu,
1065 1695 1100 1750 de
1115 1694 1252 1752 concluso
1267 1699 1349 1752 utero
1364 1696 1448 1753 dolor
1462 1698 1580 1757 nullus:
1604 1702 1655 1759 ubl
1680 1703 1761 1761 nulla

56 1780 885 1855 mundicammendatcbristusloennemdicens:luter
937 1781 1028 1839 sterili
1049 1788 1249 1856 permanente,
1274 1800 1375 1841 omncs
1400 1787 1435 1842 da
1459 1787 1573 1844 lavacro
1597 1792 1761 1848 ascendunt

56 1876 138 1927 notor
153 1870 305 1927 mulierum
318 1887 372 1926 nco
388 1875 514 1929 surrexit
526 1875 728 1947 ruojorlouuur
739 1876 881 1946 baptisto3
936 1888 1003 1927 oum
1020 1871 1152 1944 gemellis
1169 1872 1286 1940 letibus,
1312 1874 1363 1930 ubi
1388 1893 1406 1932 a
1434 1876 1550 1935 filiabus
1574 1879 1755 1938 Hierusalem

26 1971 29 1976 '
57 1961 248 2019 commendat
262 1961 389 2018 loannes
404 1962 564 2032 Christum,
576 1965 695 2020 dicens:
711 1962 765 2030 Oui
772 1969 885 2036 perime
937 1961 1071 2018 dulcibus
1087 1962 1214 2019 modulis
1225 1963 1387 2020 theoricum
1403 1964 1475 2021 illud
1491 1968 1592 2039 sponsi
1602 1972 1630 2024 et
1641 1985 1756 2041 sponsa

56 2052 132 2108 vente
146 2055 211 2107 oute
223 2067 267 2108 me
280 2056 370 2122 taetus
384 2058 433 2121 est,
450 2057 529 2126 qu'us
543 2071 598 2110 ocu
612 2070 674 2110 sum
693 2054 795 2128 diguus
819 2070 882 2109 eor·
937 2051 1109 2108 decantatur
1122 2051 1358 2124 epithalamium.
1377 2052 1425 2110 llis
1440 2055 1546 2113 stallis
1560 2057 1698 2114 omnibus
1715 2058 1758 2115 di·

56 2141 162 2214 ripiam
175 2143 353 2199 calceamenti
367 2145 479 2200 solvere.
496 2144 560 2201 Haec
575 2144 668 2200 amica
683 2149 792 2199 mutua
807 2160 884 2200 com·
935 2141 1012 2198 vinis
1029 2158 1062 2197 uc
1078 2142 1208 2214 mysticis
1224 2142 1356 2210 canticis,
1373 2159 1465 2199 unum
1481 2144 1554 2202 illud
1575 2163 1607 2201 ac
1631 2147 1759 2220 speciale
1860 2154 1864 2164 '

58 2232 259 2288 mandationis
270 2233 368 2288 olllcia
381 2232 546 2304 proludunt
558 2234 588 2288 in
600 2237 683 2289 utero
695 2232 882 2306 parvulorum
937 2230 1033 2286 Maria
1048 2230 1206 2300 canticum,
1223 2232 1301 2303 quud
1318 2232 1353 2288 ds
1368 2232 1506 2305 primitiis
1522 2237 1633 2292 ventris
1643 2238 1689 2293 sui
1711 2239 1760 2296 do·

58 2321 177 2394 gaudie,
190 2322 260 2377 dum
273 2325 302 2377 et
311 2322 385 2377 servi
399 2323 536 2378 dominus
549 2324 714 2394 congaudet
724 2322 882 2394 sanctitati,
936 2320 1195 2394 minoobtulit,qui
1207 2320 1761 2396 benedictionemdcdit,preterendum

57 2416 89 2469 ot
103 2411 153 2467 ilie
167 2410 296 2468 exsultat
311 2427 343 2467 se
357 2411 481 2483 dignum
497 2411 647 2468 inventum
657 2412 754 2469 vocari
765 2428 881 2468 servum
936 2426 1051 2480 censeo,
1067 2427 1120 2469 nec
1135 2411 1428 2486 lullorJudicio,quie
1439 2415 1516 2471 siout
1527 2415 1639 2474 lructus
1650 2418 1762 2476 ventris

59 2505 231 2558 sanctorum
255 2499 362 2559 Sancti.
387 2499 452 2556 Hac
477 2505 519 2557 est
543 2500 593 2557 illa
618 2502 693 2557 mira
713 2506 743 2558 et
765 2501 882 2559 suculis
935 2501 1033 2558 biariae
1049 2503 1124 2558 inter
1138 2518 1240 2558 omnes
1252 2504 1366 2560 tructus
1377 2502 1574 2577 principatum
1586 2507 1708 2576 obtinet,
1720 2508 1761 2564 ita

59 2591 200 2648 omnibus
215 2589 347 2647 inaudita
361 2590 467 2662 gretia,
483 2591 883 2662 quamoequaseusuccnci·
936 2594 964 2647 et
979 2592 1126 2647 canticum
1153 2591 1252 2648 bieria
1275 2592 1352 2650 inter
1375 2595 1475 2650 omnia
1497 2595 1608 2653 cantica
1633 2596 1759 2669 primam

57 2682 150 2754 piam,
166 2697 263 2754 neque
279 2681 379 2753 lingua
390 2681 469 2736 ellari
482 2697 599 2754 queam.
613 2681 802 2755 Miragratia,
814 2682 883 2753 quia
935 2695 1018 2752 aquo
1029 2681 1097 2751 juro
1111 2680 1211 2737 sedem
1227 2681 1368 2754 possidet.
1385 2683 1437 2740 illa
1451 2683 1529 2740 enim
1546 2684 1651 2741 borum
1666 2685 1759 2757 figura

57 2774 107 2845 qui
125 2771 183 2827 viia
199 2771 546 2828 mundinandumlibere
558 2773 703 2841 lrurrntur,
716 2771 881 2827 libertatem
934 2773 1027 2837 erant,
1044 2774 1131 2843 atque
1144 2771 1270 2837 veritati,
1287 2788 1349 2842 quae
1374 2772 1403 2828 in
1429 2773 1584 2846 Evangelio
1607 2774 1757 2846 loquitur:
1869 2822 1874 2831 .

57 2877 92 2918 ac
106 2861 196 2918 vitem
214 2861 314 2916 mundi
332 2860 441 2933 pariter
456 2865 624 2933 operantur,
637 2861 801 2933 atteegestu
813 2875 881 2932 pro·
934 2861 989 2929 Ego
1002 2860 1185 2929 rumorriuu,
1201 2861 1375 2929 serviebant,
1391 2866 1420 2918 et
1440 2863 1533 2919 multo
1555 2865 1665 2936 majore
1688 2880 1757 2936 gau·

56 2951 218 3025 phetando,
234 2950 413 3024 altergratia
432 2951 617 3007 vivificando.
642 2951 725 3017 Mire,
748 2949 881 3022 inquam,
936 2951 984 3005 dio
1000 2948 1159 3021 pertruitur
1172 2965 1282 3021 sponsa
1302 2954 1401 3006 nostra
1424 2951 1560 3007 dilectum
1586 2953 1758 3025 amplexans

55 3041 162 3117 gratia,
174 3041 244 3112 quie
255 3041 305 3114 qui
317 3041 372 3096 sibi
385 3041 515 3097 nondum
529 3042 667 3113 prodesse
677 3044 810 3112 possunt,
818 3040 880 3110 jam
936 3044 1023 3111 atque
1044 3038 1227 3109 deosculans,
1252 3044 1281 3096 et
1303 3041 1446 3097 amatoria
1474 3041 1533 3109 illa,
1559 3059 1624 3114 qua
1654 3058 1759 3099 sensus

57 3132 170 3188 mondo
186 3133 357 3192 consulunt.
374 3134 425 3188 llis
439 3133 539 3204 itaqua
554 3135 590 3189 de
605 3133 800 3189 exsultatione
815 3099 920 3205 par·c
939 3137 1025 3197 atque
1040 3129 1161 3185 allectus
1181 3128 1309 3184 hominis
1331 3130 1485 3201 effugiunt,
1512 3130 1615 3187 amicis
1639 3132 1760 3190 auribus

56 3219 195 3277 rulorum
211 3222 413 3291 consideratis,
431 3224 499 3294 quia
515 3223 650 3293 superius
674 3224 709 3278 de
733 3221 882 3279 lilizabetb
937 3220 1107 3286 decantans,
1123 3236 1211 3291 quem
1227 3217 1278 3274 ills
1293 3219 1459 3277 Salomonis
1469 3220 1612 3278 desiderio
1622 3229 1760 3290 estuans,

57 3314 203 3382 qnantum
218 3312 407 3368 exsultaverit
422 3313 569 3385 quomodo
588 3312 721 3385 gloriose
746 3312 831 3368 metri
850 3328 883 3369 ao
938 3312 1026 3380 atque
1042 3324 1128 3365 mora
1153 3308 1322 3379 impatiens,
1350 3326 1408 3382 pra
1432 3309 1617 3382 impatientia
1638 3310 1760 3381 amoris,

58 3400 171 3457 fructui
187 3401 297 3456 ventris
323 3403 387 3472 ejus
412 3402 601 3471 benedixerit,
622 3401 724 3475 paucis
749 3402 881 3474 egimus:
937 3399 1085 3458 osculetur
1094 3415 1137 3454 me
1152 3399 1242 3454 osculo
1257 3400 1316 3455 oris
1329 3401 1376 3456 sui
1390 3399 1567 3456 exclamans.

55 3490 358 3562 nunciamdematris
377 3491 491 3547 Domini
508 3491 883 3563 gaudio,lnudeetcantico,
976 3488 1024 3544 llis
1041 3488 1620 3562 iucommendationemcauticigloriosa
1632 3490 1761 3563 Virginis

54 3596 124 3655 quae
138 3580 218 3638 lilius
234 3582 298 3652 rjus
313 3581 440 3637 revelare
457 3582 628 3654 dignabitur
651 3583 881 3640 consideremus.
938 3578 1106 3651 prelibatis,
1122 3593 1223 3634 aurem
1239 3578 1334 3635 cordis
1350 3579 1529 3650 obstrepenti
1550 3581 1662 3638 mundo
1689 3580 1762 3637 istar
1860 3572 1864 3582 ’

58 3673 254 3729 Inveniuntur
277 3673 504 3729 autemdiversa
534 3674 562 3728 in
592 3673 751 3745 Scripturis
773 3675 883 3731 sanctis
938 3668 1762 3743 aspidisobtureurus:etqucmodolympunistrianostra

54 3763 184 3828 cantica,
200 3778 251 3833 pro
263 3767 521 3835 rerumgestarum
536 3761 750 3835 magnitudine,
763 3767 884 3837 autmy-
939 3757 1764 3831 desuperuisconcrepet,diligentiueauscultemus.Ge·
1858 3776 1861 3781 ’

54 3851 213 3908 storiarum
228 3852 462 3922 gravitate,ase
478 3852 601 3908 invicem
626 3852 785 3907 distantia:
809 3868 882 3924 quo·
937 3847 1049 3903 lebrato
1072 3847 1170 3919 itaqua
1191 3848 1227 3904 de
1251 3848 1375 3904 adventu
1400 3848 1503 3906 matris
1534 3851 1650 3906 Domini
1680 3855 1760 3908 tanto

57 3958 124 3999 rum
140 3942 273 3999 omnium
290 3944 431 3998 rationem
448 3958 504 3998 non
521 3946 566 3999 est
578 3942 730 4014 parvitatis
746 3957 817 3998 meu
833 3947 884 3999 eut
937 3936 1210 4009 gaudio,quuntum
1224 3936 1483 4009 illinoveruntqui
1496 3938 1638 3995 interesse
1649 3954 1762 3996 merue-

58 4030 224 4104 lntslligere
238 4037 288 4088 aut
302 4048 455 4104 exponere.
473 4033 621 4088 Invenitur
635 4031 713 4088 enim
730 4032 761 4089 in
786 4033 882 4090 Exodo
937 4029 1017 4096 runt,
1033 4027 1117 4082 beata
1141 4029 1244 4091 maier,
1268 4024 1421 4097 praesentia
1439 4024 1602 4083 divinitatis
1627 4026 1678 4082 lilii
1700 4031 1763 4084 tota

56 4120 207 4179 cauticum
223 4137 240 4177 a
255 4122 324 4178 liliis
335 4122 434 4192 lsrael,
449 4122 539 4178 Maria
554 4139 619 4178 cum
630 4127 769 4196 tympano
780 4123 882 4196 praeci·
938 4116 1065 4189 perlusa,
1081 4132 1189 4189 magna
1202 4114 1315 4182 videns,
1331 4131 1437 4190 magne
1453 4116 1594 4185 sentiens,
1605 4117 1764 4189 dognifioot

56 4215 159 4283 nanta,
175 4227 228 4284 pro
250 4212 403 4269 submerso
428 4213 578 4269 Pharaone
602 4213 660 4269 Deo
684 4214 882 4285 decantatum,
938 4209 1031 4264 auimo
1047 4222 1110 4263 mro
1126 4207 1280 4276 domiuum,
1295 4222 1402 4279 magno
1417 4206 1763 4278 cordisjubilodeoantat

55 4300 137 4372 quod
153 4304 182 4356 sl
195 4301 341 4369 omnium,
353 4305 385 4356 ut
396 4301 532 4369 arbitror,
543 4302 723 4358 canticorum
735 4302 884 4360 invenitur
938 4297 1043 4369 Magna
1053 4300 1133 4360 sunt,
1142 4297 1215 4353 mira
1225 4295 1411 4361 sunt,dirina
1420 4300 1492 4354 sunt
1502 4313 1566 4369 qua
1575 4302 1764 4369 geruntur,et

53 4391 196 4463 primum.
212 4390 310 4446 Prima
325 4390 404 4446 euim
416 4391 500 4448 uobis
510 4396 565 4448 Duo
576 4397 725 4466 pugnante
737 4409 788 4466 pru
799 4393 884 4450 uubis
939 4387 970 4443 in
979 4385 1053 4442 valle
1064 4386 1257 4459 lacrymarum
1269 4385 1439 4457 angelorum
1450 4386 1760 4461 gaudiacelsbrauiur,

54 4481 94 4537 da
110 4479 265 4537 Pharaone
277 4482 449 4539 conceditur
472 4482 612 4540 victoria:
639 4483 755 4556 quando
779 4484 809 4540 iu
834 4486 884 4541 hu.
903 4459 924 4524 D
942 4477 972 4533 ln
988 4476 1124 4549 angustia
1139 4475 1227 4532 unius
1242 4476 1318 4533 uteri
1333 4477 1412 4548 latet,
1428 4477 1479 4550 qui
1494 4476 1599 4534 coelum
1619 4477 1759 4546 continet,

54 4568 169 4643 ptismo
185 4572 271 4642 nujus
287 4587 366 4627 mure
382 4572 454 4628 illud
466 4573 558 4644 ligura
569 4577 641 4643 erat,
653 4577 749 4630 totum
763 4590 885 4647 regnum
941 4571 969 4624 et
985 4566 1053 4639 quia
1068 4565 1168 4622 omnia
1182 4570 1254 4622 nolu
1269 4571 1376 4639 portal,
1395 4567 1481 4623 unius
1491 4565 1593 4639 puella
1603 4570 1702 4623 venter
1712 4566 1760 4622 ba·

56 4659 172 4734 peccati
201 4676 268 4716 cum
295 4659 410 4717 diabolo
434 4677 500 4734 rege
526 4678 579 4717 ruo
603 4663 773 4733 destruitur,
799 4669 829 4719 ut
851 4678 886 4718 uu
936 4655 1080 4727 julatbd
1096 4654 1252 4712 baeotenta
1267 4656 1353 4723 dona,
1368 4661 1427 4711 tum
1452 4656 1595 4712 immensa
1621 4654 1762 4712 beuelloia

57 4764 137 4805 nnus
148 4747 266 4821 quidem
278 4750 474 4822 AEgyptiorum
484 4749 885 4825 residuuesit,quip0pulum
940 4745 1029 4818 digna
1043 4743 1129 4801 laude
1139 4743 1406 4816 predicanda,quae
1416 4743 1518 4816 lingua
1528 4744 1625 4803 carnis
1635 4744 1762 4802 suilloiat

58 4837 111 4895 llei
125 4856 143 4894 a
158 4844 238 4911 tergo
253 4839 405 4897 insecutus
420 4841 467 4897 sit·
483 4842 517 4896 lit
532 4841 587 4897 hoo
597 4843 757 4898 notandum
768 4841 798 4896 in
809 4840 884 4896 Pha-

60 4927 162 4984 raonis
173 4928 388 4996 submersione,
400 4930 581 4986 amatoribus
591 4932 701 5003 grutie,
709 4930 787 5001 quod
797 4945 886 5002 popu·

56 5016 106 5075 lue
120 5016 172 5074 Dei
188 5017 411 5074 immanissima
428 5018 470 5075 illl
491 5018 593 5075 bellua
618 5025 704 5091 atque
727 5018 807 5076 omni
833 5018 885 5074 bu-

58 5122 153 5165 mana
168 5106 269 5163 virtuti
285 5107 517 5180 inexpugnabili,
534 5124 586 5165 nec
602 5109 738 5177 occurrit,
748 5124 802 5164 nec
816 5124 884 5164 con·

55 5198 210 5273 graditur:
227 5198 278 5254 sed
293 5198 357 5255 sola
371 5197 421 5254 Dei
435 5199 540 5271 gratia,
557 5198 640 5255 lortie
664 5197 713 5256 ills
740 5204 884 5270 armatus,

57 5285 160 5345 omnia
175 5301 230 5342 sua
244 5285 274 5342 in
291 5301 361 5358 pace
377 5301 411 5342 eo
424 5302 518 5358 usque
526 5286 692 5358 possidens,
704 5287 812 5359 populo
823 5291 885 5342 tan-

56 5380 124 5434 tum
138 5378 300 5447 spectante,
316 5374 527 5450 submergitur.
545 5377 593 5432 list
609 5380 636 5432 et
656 5375 735 5432 aliud
755 5376 785 5432 in
809 5374 884 5433 libro

57 5465 200 5523 indicum
217 5479 269 5535 pro
296 5463 447 5521 interiecto
471 5466 568 5522 Sisara
596 5465 715 5521 leboroe
738 5465 884 5522 canticum

58 5552 353 5628 quamodremeriam
361 5553 490 5626 aliquam
498 5558 668 5626 potestatem
677 5553 883 5627 intelligimus,

940 4835 1011 4903 Quis
1027 4851 1131 4893 sensus
1144 4850 1179 4891 aa
1192 4834 1445 4907 comprehendat?
1460 4833 1648 4893 imbecillitas
1666 4836 1763 4894 carnis

940 4928 1027 4980 tantia
1039 4924 1322 4996 majestatispondus
1332 4939 1389 4979 non
1399 4923 1763 4993 sustinetsensusdeficit,

938 5016 1042 5089 lingua
1057 5031 1115 5072 non
1132 5015 1252 5070 sullicit.
1269 5014 1435 5086 Magnificet
1449 5028 1518 5084 ergo
1530 5015 1702 5073 animemus
1712 5017 1766 5074 Do·

939 5107 1125 5172 minum‚ncu
1143 5121 1199 5178 quo
1215 5104 1257 5159 vel
1273 5106 1335 5175 ipsu
1347 5103 1486 5172 sulllciat,
1498 5106 1549 5160 sed
1561 5104 1766 5178 utdigniorcm

938 5196 1068 5268 aliquam
1084 5194 1246 5267 gratiarum
1267 5193 1410 5248 actionem
1433 5198 1574 5265 tanquam
1599 5195 1765 5252 conditione

939 5302 1026 5343 carne
1040 5284 1167 5356 dignior,
1178 5282 1208 5338 in
1218 5298 1338 5339 excessu
1352 5282 1398 5338 sui
1410 5282 1549 5339 iuveniat.
1563 5281 1652 5339 Labie
1661 5283 1764 5343 dolosa

940 5375 969 5430 iu
985 5373 1071 5430 corda
1086 5377 1115 5429 ct
1130 5372 1216 5428 corde
1231 5370 1330 5428 dolum
1345 5373 1509 5445 perficiunt,
1536 5373 1654 5445 quando
1683 5373 1762 5433 allud

939 5465 1040 5538 lingua
1048 5467 1145 5530 sonat,
1157 5461 1237 5519 aliud
1245 5478 1294 5520 cor
1303 5463 1459 5519 desiderat.
1467 5463 1521 5530 Oui
1532 5468 1630 5522 autem
1639 5464 1761 5524 inlaude

940 5555 990 5613 Dei
1008 5553 1053 5614 vel
1070 5554 1107 5611 de
1123 5553 1209 5611 laude
1225 5552 1273 5610 Dei
1288 5554 1369 5610 aliud
1398 5554 1542 5626 quidlibet
1556 5571 1645 5628 qnam
1668 5559 1761 5617 Deum
