3788 6000
57 214 137 276 leet
702 214 881 277 CARMINA
903 216 1129 280 Hieromus.
1693 210 1773 280 1202

93 349 143 407 Sic
160 363 277 421 quoque
293 353 321 404 te
337 362 452 403 morum
469 347 545 403 linea
561 346 708 404 nobilitet.
900 351 929 418 Α
978 350 1090 408 Nomen
1106 353 1142 409 ed
1157 353 1273 426 imperii
1285 353 1489 426 subtrepidare
1504 352 1560 411 sul.

58 436 201 495 subditus
216 441 279 493 esto
294 435 388 493 libens
407 437 494 509 virga
512 437 708 509 manibusque
724 435 868 509 magistri,
942 440 973 494 ln
989 441 1079 498 dubio
1096 450 1193 499 tamen
1208 447 1253 499 est
1268 461 1332 516 qua
1347 443 1437 516 stirps
1453 443 1611 516 utriusque
1626 443 1766 515 parentis,

95 533 171 583 Dum
187 528 280 595 vacat,
295 525 434 582 assiduus
449 525 539 590 disce,
553 524 664 581 revolve
677 525 778 582 libros.
975 528 1047 585 Cum
1065 546 1149 604 mage
1163 548 1217 604 par
1229 532 1316 589 luerit
1331 531 1437 589 clarior
1449 531 1604 590 exstiterit.

58 621 187 690 Tempus
201 616 257 672 erit
271 615 369 671 subito
383 629 449 670 cnm
465 617 493 670 te
508 618 558 670 tua
573 613 710 686 provehet
724 619 804 684 atas,
940 618 959 673 Α
981 618 1114 689 patribus
1129 622 1246 693 proavis
1261 626 1343 693 pater
1355 620 1462 690 editus,
1477 626 1578 694 utpote
1593 618 1707 690 consul,

95 708 167 762 Cum
183 711 212 763 te
227 704 364 761 nobilitas
379 708 481 760 avocet
496 720 513 759 a
528 704 645 761 studiis.
976 706 1123 764 lixtulerat
1138 726 1259 782 proavos
1274 727 1308 767 er
1323 711 1467 783 probitate
1484 727 1549 767 suu.

59 795 132 855 Nam
146 795 172 853 si
188 794 328 851 nescieris
344 799 415 850 tunc
430 795 608 866 respondere
624 797 754 866 rogatus,
941 795 1160 869 addideratque
1175 799 1238 855 auis
1255 815 1330 855 nune
1345 803 1460 856 tantum
1472 799 1561 856 rebus
1575 798 1708 855 honoris.

95 885 125 942 Si
140 883 249 940 Prmsul
266 884 436 952 llas,mntns
454 882 562 939 asellus
578 882 644 939 eris.
975 884 1122 949 Quantum
1139 903 1186 944 res
1201 888 1269 944 olim
1281 889 1415 962 patribus
1429 874 1614 946 addiderant.

58 977 91 1032 ln
107 972 324 1046 condiscipulos
340 972 465 1029 nimium
481 974 582 1029 sevire
597 976 707 1037 caveto,
940 974 996 1031 Sed
1010 991 1104 1048 neque
1119 976 1248 1034 distabat
1262 995 1278 1034 a
1293 986 1371 1035 tanto
1387 981 1510 1052 conjuge
1524 979 1640 1050 conjux,

94 1065 188 1121 immo
204 1063 298 1135 magis
315 1061 425 1118 recolas
444 1066 472 1118 te
488 1062 549 1119 lore
564 1061 756 1134 discipulum.
975 1066 1067 1131 Quam
1084 1065 1263 1122 sublimabat
1277 1067 1357 1141 regia
1370 1068 1518 1125 nobilitas.

57 1154 139 1219 Quod
157 1159 255 1211 tecum
272 1153 364 1225 gessit
378 1169 431 1208 nee
446 1151 564 1208 cuilibet
578 1150 800 1224 improperabis,
939 1155 1006 1220 Oua
1022 1155 1148 1211 deducta
1162 1160 1294 1227 potense
1311 1156 1460 1213 nobilitate
1483 1157 1602 1227 potenti,

95 1243 153 1299 Nee
169 1242 223 1298 tihi
240 1242 317 1314 quod
334 1240 389 1297 soli
406 1241 477 1297 dixit
492 1240 603 1296 amicus
617 1239 716 1296 bomo.
974 1242 1069 1299 'l'errae
1085 1243 1276 1301 Flandrensis
1291 1245 1388 1302 nobile
1402 1261 1524 1318 germen
1540 1251 1613 1302 erat.

58 1332 87 1387 Si
103 1333 144 1388 sia
157 1331 263 1395 iratus,
279 1328 352 1386 nulli
367 1334 464 1385 lamen
481 1329 573 1400 objice
589 1328 709 1395 crimen,
938 1330 1054 1403 llosque
1068 1349 1152 1404 pares
1176 1334 1311 1406 geminos
1322 1334 1441 1391 sibimet
1456 1335 1497 1390 sic
1512 1334 1571 1391 tata
1585 1335 1728 1406 dicarant,

96 1427 221 1477 Pacatus
236 1419 383 1491 siquidem
398 1419 519 1475 forsitan
536 1417 610 1474 alter
623 1417 690 1474 eris.
974 1420 1011 1477 Ut
1023 1421 1149 1494 speciale
1165 1423 1260 1479 lorent
1275 1423 1403 1496 conjugii
1420 1424 1577 1497 specimen.

58 1511 199 1568 Nobilitas
213 1514 242 1566 et
257 1509 358 1581 lingua
373 1525 488 1581 procax,
505 1523 660 1579 moresque
677 1509 811 1577 protervi,
939 1511 1044 1581 Regem
1061 1511 1305 1583 regins,reginam
1318 1528 1366 1569 rex
1380 1512 1543 1582 decorabat,

94 1599 153 1655 Nee
173 1598 229 1655 sibi
245 1597 434 1664 concordant,
452 1612 504 1654 nec
519 1597 593 1652 hene
608 1595 793 1652 conveniunt.
973 1609 1008 1661 Ει
1020 1603 1111 1659 denus
1126 1602 1200 1659 alter
1214 1611 1285 1672 arat,
1300 1607 1329 1658 et
1344 1604 1432 1659 decor
1446 1602 1577 1658 alterius.

57 1688 213 1744 Nobilibus
228 1685 376 1760 siquidem
393 1687 508 1758 proavis
522 1684 675 1742 Odonihua
691 1691 782 1740 ortus.
898 1693 1000 1785 Biton
1015 1693 1122 1750 virtuts
1136 1693 1235 1748 minor
1246 1693 1388 1748 suecessit
1404 1691 1465 1747 illia
1479 1691 1567 1764 patri,

94 1777 183 1834 Ortus
197 1778 522 1833 0⁸0d0110⁸uiv³t0r0⁸
537 1790 669 1841 remitis
974 1785 1098 1855 Excepto
1113 1782 1190 1854 quod
1207 1796 1265 1837 non
1282 1780 1383 1837 militis
1400 1797 1482 1838 arma
1493 1781 1579 1852 gerit.

57 1869 113 1935 0¹1i
129 1868 172 1925 ⁵5⁰
187 1869 332 1938 vixerunt,
349 1867 457 1923 fuerint
472 1874 505 1923 ul
517 1864 533 1923 J
538 1866 615 1921 ulitffl
630 1865 733 1932 armis,
936 1876 1025 1929 Arma
1039 1876 1137 1927 temen
1154 1876 1266 1942 gereret
1279 1869 1336 1926 nlal
1350 1886 1415 1926 moe
1442 1886 1518 1942 opus
1534 1869 1588 1926 hoe
1603 1868 1762 1940 inhiberet,

94 1962 247 2032 Augustus
261 1975 344 2031 pace,
360 1957 472 2013 divitiis
487 1956 636 2013 Salomon.
974 1966 1031 2017 Nec
1046 1962 1090 2017 las
1103 1964 1148 2016 est
1164 1961 1238 2016 lerro
1252 1960 1379 2016 membra
1393 1958 1499 2015 tenella
1513 1959 1620 2031 premi.

56 2047 178 2104 Addidit
197 2047 373 2104 octodorum
391 2047 446 2103 sibi
462 2047 572 2103 scilicet
587 2061 665 2100 uuus
681 2060 794 2111 eorum,
939 2050 1003 2107 Una
1019 2056 1114 2107 tamen
1128 2065 1175 2106 res
1190 2052 1234 2105 ast
1247 2064 1306 2121 qua
1322 2048 1421 2120 pressit
1435 2047 1493 2103 fllia
1510 2049 1596 2121 patri,

93 2139 316 2210 Augustumque
332 2137 394 2192 suis
404 2135 525 2207 juribus
541 2133 677 2190 obtinuit.
975 2139 1113 2196 Versibus
1130 2137 1408 2210 applaudit,ecitque
1422 2137 1628 2194 vncarelihria.

57 2227 146 2299 isque
163 2225 365 2283 Theobaidum
381 2224 529 2297 generavit
545 2224 624 2295 panis
640 2222 806 2287 alumnum,
939 2233 1004 2285 flaec
1020 2228 1109 2285 stiam
1127 2226 1208 2284 novit
1222 2243 1277 2282 sua
1292 2242 1404 2282 merces
1419 2241 1484 2282 ease
1499 2225 1606 2297 poetis,

94 2315 166 2385 Ouo,
183 2315 328 2387 Philipps,
343 2315 424 2370 venis
441 2313 571 2385 principe
594 2312 776 2383 progenitus.
973 2319 996 2372 Α
1011 2316 1155 2388 probitate
1170 2331 1225 2372 sna
1239 2331 1324 2372 nemo
1338 2314 1414 2371 redit
1427 2330 1547 2371 vacuus.

61 2407 136 2476 Ergo
151 2419 236 2476 quem
253 2404 391 2459 decorant
406 2402 534 2475 antique
550 2399 715 2455 nobilitatis
939 2407 1054 2462 Rursus
1070 2405 1148 2461 ineat
1160 2403 1202 2459 iili
1218 2405 1347 2461 dictandi
1362 2403 1446 2475 copie
1462 2407 1588 2473 torrens,

94 2494 151 2549 'l'ot
164 2492 324 2565 proavique
339 2492 439 2563 duces,
462 2497 491 2547 ct
505 2491 625 2553 comites
640 2489 716 2545 elavi
733 2504 740 2543 :
975 2500 1007 2549 tlt
1023 2494 1157 2567 preferre
1172 2493 1248 2564 sapit
1263 2492 1395 2549 carmina
1410 2491 1603 2549 carminibus.

60 2583 102 2637 De
116 2582 262 2654 condigna
276 2588 332 2637 tuae
349 2581 489 2654 presagia
505 2580 660 2649 nobilitati,
938 2583 1012 2655 llrgo
1027 2598 1063 2638 ne
1078 2583 1193 2653 timeae,
1211 2581 1300 2637 nimis
1313 2587 1358 2638 est
1372 2581 1497 2638 affabilis
1510 2581 1585 2653 ipsa,

95 2670 225 2727 blorihus
241 2670 304 2742 ipse
318 2673 378 2727 tuis
394 2670 548 2743 preniteas
564 2668 667 2726 atatis.
974 2671 1041 2743 lpse
1051 2670 1133 2728 dabit
1149 2678 1276 2744 tempus,
1293 2675 1321 2727 et
1336 2670 1418 2726 dabit
1430 2669 1496 2743 ipsa
1510 2670 1619 2726 locum.

54 2761 98 2815 An
114 2759 168 2814 slm
181 2760 323 2830 jocundo,
338 2758 481 2830 Philipps,
501 2760 614 2815 loeutus
630 2772 741 2823 amore,
938 2759 1031 2833 thue
1047 2776 1113 2816 reor
1128 2775 1185 2816 non
1197 2768 1224 2816 to
1239 2759 1389 2815 comitissa
1402 2758 1530 2815 remittet
1543 2758 1663 2815 inanem

91 2849 125 2904 ln
140 2849 216 2906 serie
231 2865 337 2906 sensus
348 2847 412 2921 ipse
427 2852 527 2904 notare
538 2852 631 2921 potes.
973 2850 1021 2906 Sis
1033 2848 1102 2905 licet
1116 2848 1181 2919 ipsa
1196 2849 1289 2916 rudis,
1305 2863 1386 2903 more
1401 2863 1454 2904 suo
1469 2848 1565 2903 iaciat.

54 2938 139 3003 Quod
154 2938 178 2995 si
194 2937 272 2994 dieta
287 2942 393 2994 evonant
405 2942 584 3009 incomptam
598 2935 804 3003 rusticitatem,
938 2938 996 2995 Nec
1013 2937 1066 2993 tibi
1081 2936 1234 3009 prestabit
1248 2934 1395 2992 tantillum
1412 2938 1489 3007 quod
1511 2936 1658 3004 meruisti,

92 3028 182 3084 Crede
198 3027 270 3082 mibi
288 3026 394 3083 melius
409 3027 505 3083 dicere
521 3043 578 3082 non
595 3025 688 3097 potui.
973 3026 1129 3082 Praestabit
1143 3025 1219 3097 qnod
1236 3023 1275 3080 sit
1289 3023 1412 3095 lausque
1427 3025 1576 3096 decusque
1592 3040 1690 3079 suum.

55 3116 107 3172 list
120 3116 282 3188 ignorantis
297 3116 473 3186 vitium‚non
489 3115 575 3187 culpa
590 3113 712 3169 retentis
730 3130 737 3170 :
896 3081 918 3148 c
939 3119 1014 3175 Pone
1024 3133 1077 3174 aua
1091 3119 1135 3172 est
1149 3116 1212 3172 orhr
1224 3115 1287 3186 lam
1304 3114 1507 3170 munificentia
1522 3121 1603 3184 nota,

91 3206 120 3261 Si
136 3206 209 3263 hene
225 3223 283 3262 non
298 3206 369 3275 diri,
386 3206 483 3261 dicere
493 3204 573 3276 quod
587 3202 675 3259 volui.
973 3208 1123 3262 lintremos
1139 3204 1273 3261 homines
1283 3203 1348 3275 jam
1363 3219 1418 3259 sua
1431 3202 1510 3259 dona
1523 3207 1640 3259 vocant.

59 3295 188 3367 Denique
202 3296 279 3368 quod
296 3295 400 3365 sentis,
415 3295 490 3365 qnod
516 3295 604 3366 gestit
618 3296 716 3349 nostra
729 3291 878 3362 voluntas,
938 3298 1005 3370 lpse
1019 3294 1093 3352 mibi
1109 3299 1177 3351 nota
1191 3297 1247 3364 est,
1262 3308 1315 3349 nee
1326 3307 1378 3364 ego
1395 3307 1461 3348 sum
1475 3292 1610 3365 cognitus
1623 3292 1677 3362 itti,

93 3391 135 3442 Αο
151 3385 175 3442 si
191 3383 366 3455 protulerint
381 3384 510 3440 carmine
525 3387 626 3439 nostra
642 3386 719 3454 puta.
972 3382 1105 3442 Occulnlt
1120 3382 1173 3439 sibi
1190 3399 1236 3438 me
1251 3381 1362 3437 rustica
1376 3380 1561 3453 simplicitas.

56 3475 138 3530 Dicte
153 3474 227 3530 meis
241 3472 316 3529 votis
333 3472 480 3529 industrie
494 3477 589 3528 vestra
602 3475 729 3543 coaptet,
936 3474 994 3531 Nee
1008 3489 1085 3530 nuno
1099 3472 1235 3529 auderem
1255 3469 1430 3545 premittens
1443 3485 1561 3527 carmen
1576 3471 1613 3526 ad
1628 3469 1721 3540 illam,

91 3563 233 3635 Dictaque
248 3567 383 3619 votorum
399 3561 443 3616 via
460 3561 554 3633 magis
570 3558 728 3633 appreciet.
969 3564 1025 3620 Sed
1040 3562 1130 3620 rolult
1143 3562 1288 3619 mandans
1303 3576 1420 3618 carmen
1440 3561 1547 3619 babere
1562 3577 1671 3620 meum.

54 3653 208 3726 appreciet
221 3655 343 3719 cartam,
361 3650 437 3722 quod
454 3654 565 3706 cartam
581 3649 662 3705 misit
677 3648 802 3720 amicus,
935 3653 1083 3719 Quidlibet
1097 3650 1209 3708 audivit
1224 3666 1318 3725 nuper
1332 3652 1367 3708 de
1381 3651 1511 3707 carmine
1528 3656 1638 3722 nostro,

90 3741 185 3812 Dilige
200 3741 278 3812 quod
295 3740 411 3811 prelert
426 3754 532 3795 nomen
548 3738 692 3795 amicitis.
971 3741 1073 3799 innuit
1087 3739 1268 3813 applaudens
1284 3744 1431 3812 quatenus
1445 3739 1594 3811 adiiciam.

52 3830 120 3887 lam
137 3833 325 3887 memoresto
341 3828 552 3895 mei,memoris
569 3827 754 3883 memorabor
769 3826 879 3898 etipse,
934 3829 1046 3903 AdJieio
1061 3845 1119 3886 non
1135 3829 1212 3900 quod
1228 3845 1280 3901 par
1294 3845 1358 3885 esse
1374 3844 1433 3885 sua
1449 3828 1587 3899 probitati

90 3919 148 3976 Nae
163 3935 217 3975 nos
231 3936 248 3974 a
262 3919 347 3975 noble
361 3933 441 3973 mora
455 3917 543 3973 etiam
559 3915 690 3972 dirimat.
971 3919 1078 3987 Possit,
1093 3919 1143 3974 sed
1159 3916 1255 3988 vigeat
1269 3931 1303 3972 er
1318 3915 1465 3988 probitate
1479 3933 1544 3972 sua.

336 4006 429 4064 Adetae
442 4004 598 4062 comitisse.
935 4007 1072 4065 Materies
1087 4006 1207 4079 grandis
1223 4021 1288 4061 mea
1307 4004 1437 4061 earmina
1453 4004 1628 4074 nobilitavit,

56 4097 145 4154 Vanis
160 4103 193 4154 ut
206 4096 340 4154 insolitos
355 4097 466 4161 videas,
483 4110 549 4151 mea
570 4093 691 4162 cartula,
708 4094 809 4160 laetos,
971 4101 1033 4152 Non
1048 4111 1115 4152 mea
1129 4093 1285 4151 nobilitant
1299 4094 1429 4150 earmina
1445 4093 1609 4150 materiam.

92 4186 129 4242 Ut
144 4202 246 4259 regum
261 4184 407 4242 thalamos
421 4189 450 4240 et
469 4184 610 4240 comitum
627 4182 736 4239 videas.
935 4182 1485 4256 anemorumprobitae,hanccastum
1497 4191 1597 4256 peetus
1611 4183 1759 4256 honestat,

55 4275 145 4331 Vadis
161 4281 194 4331 ut
206 4275 353 4349 egregiam
369 4273 441 4330 mihi
457 4272 604 4345 gratillcss
627 4271 818 4342 comitissam,
971 4275 1083 4332 Nobilis
1099 4274 1175 4330 hanc
1189 4271 1305 4329 soboles
1319 4276 1414 4340 ornat,
1432 4288 1573 4344 emorque
1587 4274 1652 4330 riri.

91 4365 122 4421 Si
137 4369 235 4421 tamen
251 4365 314 4435 ipsa
328 4363 412 4435 prius
427 4361 602 4434 gratillceris
617 4360 651 4417 ei.
936 4366 1011 4422 Sunt
1025 4368 1124 4420 tamma
1139 4361 1278 4427 etmulti,
1296 4378 1370 4434 quos
1380 4363 1588 4420 commendare
1602 4363 1710 4437 puellis

54 4454 234 4511 Gratifieeris
249 4453 287 4518 ei,
303 4453 403 4508 dicens
418 4451 570 4507 comitisse
584 4449 688 4518 valete,
898 4443 922 4509 D
973 4457 1007 4508 st
1021 4452 1111 4508 decus
1124 4455 1153 4507 st
1167 4450 1297 4523 probitas
1316 4456 1345 4508 et
1361 4468 1415 4508 sua
1430 4453 1522 4509 torma
1537 4461 1633 4524 queat.

90 4543 203 4614 Regina
219 4543 317 4615 petius
333 4541 449 4598 nomine
465 4541 553 4613 digna
567 4539 640 4597 vale.
934 4544 1014 4599 llane
1031 4542 1082 4613 qui
1098 4541 1290 4598 tentassent?
1306 4542 1355 4598 sed
1372 4541 1441 4613 quid
1458 4545 1588 4598 tentasse
1601 4543 1741 4613 juvaret?

54 4633 121 4687 llec
136 4640 180 4688 est
195 4631 275 4687 illius
290 4631 316 4687 si
332 4630 427 4687 nescis
443 4629 502 4685 lllia
514 4630 613 4701 Regia,
969 4632 1072 4688 Servat
1081 4634 1165 4702 pacta
1179 4629 1226 4686 sui
1243 4647 1299 4686 non
1317 4629 1452 4686 violanda
1468 4630 1534 4685 tori.

94 4720 204 4793 anglos
219 4720 378 4777 indomitos
388 4719 438 4790 qui
454 4718 568 4775 domuit
581 4718 686 4790 gladio.
935 4722 1010 4777 lianc
1026 4720 1113 4777 decor
1125 4718 1273 4786 insolitus,
1287 4723 1315 4775 et
1331 4718 1572 4789 inequiparanda
1583 4722 1734 4789 venustas,

55 4811 111 4876 Qui
126 4809 183 4866 sibi
198 4808 415 4866 Northmannos
430 4807 595 4863 inhibentes
606 4809 675 4879 jura
691 4813 812 4880 paterna
970 4810 1220 4880 commendatque
1234 4806 1324 4862 simul
1340 4805 1435 4877 gratia
1448 4805 1597 4878 colloquii.

94 4898 220 4955 Perculit
235 4914 304 4953 ense
320 4897 389 4965 lero,
412 4896 625 4968 supposuitque
634 4896 719 4966 jugo.
934 4898 992 4955 Sed
1007 4897 1150 4969 quietam
1166 4897 1271 4950 duram
1285 4894 1395 4950 silicem
1413 4894 1526 4951 mollire
1540 4894 1678 4952 valeret?

55 4989 115 5044 iste
130 4986 305 5058 procellosas
320 5002 370 5055 pro
386 4984 482 5039 littore
499 4984 582 5038 duxit
595 4984 729 5054 abyssos,
973 4986 1138 5058 lnspieiunt
1153 4985 1217 5040 aine
1233 4998 1273 5049 re,
1289 4984 1340 5039 sed
1349 4983 1432 5054 juvat
1446 4984 1599 5056 inspicere.

92 5077 128 5131 ut
142 5076 227 5148 quasi
242 5075 382 5130 conduxit
396 5073 495 5128 littore
511 5071 671 5128 littoribus.
936 5074 1059 5131 Praemia
1075 5088 1180 5145 magna
1196 5077 1301 5143 putant
1315 5070 1384 5126 dum
1400 5087 1452 5143 spe
1463 5077 1627 5144 pascuntur
1642 5071 1733 5142 inani,

55 5168 115 5223 late
129 5164 196 5221 loiet
210 5170 347 5235 sumptus
362 5162 546 5234 superaverit
565 5162 741 5231 imperiales.
974 5163 1152 5232 lrritantque
1169 5175 1239 5216 auos
1256 5158 1332 5215 hane
1342 5159 1485 5216 inhiando
1499 5159 1610 5216 oculos.

94 5253 193 5311 Tanta
209 5253 314 5325 plenus
329 5257 392 5309 erat
412 5249 570 5306 fertilitatis
586 5267 687 5321 opum.
939 5256 997 5308 Nec
1013 5250 1133 5318 mirum,
1145 5250 1285 5321 qnoniam
1302 5248 1416 5321 species
1430 5266 1484 5305 aua
1496 5255 1578 5306 tanta
1590 5251 1726 5325 relulget,

58 5347 98 5400 Ut
110 5345 158 5399 vir
173 5342 326 5399 thesauros
348 5341 457 5412 aliquis
484 5338 670 5411 perpenderit
684 5341 757 5412 ejus,
975 5340 1085 5396 Deheat
1100 5342 1132 5394 nt
1146 5336 1258 5393 eunctis
1269 5339 1390 5408 pretore
1404 5338 1580 5410 virginibus.

97 5437 207 5504 bargus
220 5431 343 5498 militis,
360 5431 457 5502 largus
473 5431 502 5483 et
516 5426 661 5483 llcolesis.
940 5429 1021 5486 lianc
1036 5443 1088 5498 ego
1103 5426 1241 5482 vidissem
1257 5427 1316 5482 nisi
1331 5427 1461 5484 rusticus
1476 5429 1672 5504 erubuissem,

61 5519 195 5591 Denique
209 5524 310 5576 tantus
325 5522 398 5587 erat,
415 5524 445 5573 ut
459 5515 540 5573 solus
557 5515 657 5573 lecerit
671 5518 771 5575 orbem
978 5518 1076 5589 lpsam
1086 5515 1193 5589 qnippe
1209 5513 1333 5588 loquens
1342 5514 1487 5588 inspicere
1497 5517 1612 5577 erubui.
