3788 6000
117 241 176 304 eet
579 240 631 303 DC
651 239 801 303 aalma
825 237 889 303 nat
911 239 1015 304 ntum
1036 239 1105 303 xit.
1128 274 1168 289 ·-
1190 239 1265 305 nte.
1287 239 1357 305 xli.
1765 242 1827 309 802

120 376 279 449 gretianon
289 375 467 432 distribuit?
483 376 553 443 ouis
565 376 665 433 eterni
676 374 754 448 regis
775 374 882 432 solium
892 393 945 433 co·
961 378 987 445 Α
1003 374 1093 433 lorice
1118 375 1214 433 munit
1240 377 1410 449 precordia,
1423 379 1512 451 capnt
1530 378 1621 448 geisa,
1634 377 1750 451 levique
1763 378 1826 437 loro

123 467 274 522 renaudus
289 466 463 537 adiit‚quem
479 466 574 537 gretia
590 482 646 521 non
665 464 898 536 perduxithuis
908 464 950 521 lbi
1006 465 1139 538 clypeum
1153 467 1227 522 collo
1243 467 1443 537 suspendit,ut
1459 466 1536 523 facili
1548 471 1628 523 motu
1644 467 1825 525 circumferri

126 570 264 612 coronam
280 554 610 624 victorpromeraitmisi
622 555 669 610 cni
681 553 777 626 gratia
788 553 953 626 imposuit?
1007 556 1100 626 possit
1115 571 1288 627 quocunque
1304 571 1374 611 cura
1390 556 1559 628 protegendi
1579 556 1708 628 corporis
1724 559 1829 629 poscit,

127 645 194 715 Ipsa
209 650 254 699 est
269 642 345 698 enim
363 660 426 713 qua
443 646 546 713 aperit,
560 646 623 713 ipsa
638 662 703 716 quie
729 644 871 715 perducit,
887 644 953 715 ipsa

127 751 191 806 quc
207 749 325 789 causum
342 738 509 804 supplicum
529 736 650 805 peragit,
666 735 730 804 ipsa
745 750 807 804 qam
828 735 953 801 singulis

129 822 247 896 premia
262 827 437 892 promeritis
453 824 766 879 restituit.loenitcntia
776 824 865 895 igitur
876 826 952 879 clau·

128 916 192 967 stra
206 911 269 966 cmii
287 913 333 982 pia
346 910 446 966 voleus
464 912 581 981 pulsare
594 913 742 980 violentia,
755 936 767 957 ·-
782 912 883 968 erardo
894 928 953 985 qua

130 1001 188 1055 dixi
206 999 305 1072 gratia
321 1000 456 1055 conducit
471 1000 640 1066 exercitum,
656 1004 805 1057 conlidens
820 1003 877 1057 silii
888 1018 952 1073 per·

130 1106 178 1144 via
190 1090 370 1149 foreomnia.
387 1088 410 1142 si
427 1088 517 1159 bajus
532 1096 678 1146 haereatur
694 1091 876 1161 suffragium.
889 1092 954 1161 lpse

129 1179 228 1248 itaque
243 1177 423 1248 suffragante
454 1180 667 1248 peccatoribus,
682 1196 800 1248 reperim
823 1181 954 1235 cartorum

131 1268 185 1322 eim
196 1270 342 1338 ,latitaret
358 1266 473 1321 uiolenti
483 1267 623 1338 diripiant
637 1267 729 1324 iilud.
742 1269 954 1341 istaestgratiu

129 1373 191 1429 qaas
207 1357 235 1411 in
263 1357 350 1411 rebus
370 1360 518 1426 creandis,
549 1357 746 1427 vivificandis,
771 1360 953 1428 vegetandis,

130 1446 328 1517 principatum
344 1445 379 1501 ah
397 1451 504 1501 eterno
529 1447 661 1514 obtinet,
677 1448 733 1502 ista
762 1465 825 1516 uuae
841 1449 952 1517 tuendi,

129 1534 317 1606 provehendi,
332 1541 361 1591 et
390 1535 426 1589 ed
455 1550 624 1591 mensuram
647 1538 742 1593 etatis
762 1536 954 1609 plenitudinis

1007 643 1041 697 Et
1056 643 1125 714 quia
1141 643 1220 698 ensis
1236 644 1356 700 fortium
1382 652 1500 715 propter
1525 645 1645 700 timores
1671 652 1829 702 noeturnae

1008 748 1123 801 semper
1137 737 1183 785 est
1198 748 1285 803 snper
1297 733 1502 798 lemursuum,
1518 732 1615 806 gladio
1626 734 1830 789 verbiiumbos

1009 821 1143 893 accingit,
1157 826 1189 874 ut
1200 820 1309 876 buxum
1321 822 1570 894 luxuriaecingule
1583 822 1727 878 castilatis
1741 823 1830 878 strin-

1008 916 1069 981 gat,
1085 920 1111 965 et
1128 909 1263 964 incursus
1279 909 1520 981 lihidinis,gladio
1531 912 1652 982 spiritus
1663 910 1831 967 arcesaltsc

1009 1000 1100 1053 otiose
1126 998 1232 1069 pendet
1245 1000 1323 1053 ensis
1348 999 1448 1054 militis
1462 999 1566 1053 Christi
1583 1001 1618 1055 de
1643 1000 1762 1063 femore,
1777 999 1831 1057 sed

1010 1094 1042 1142 nt
1056 1088 1229 1143 documento
1245 1085 1284 1142 sit
1294 1087 1485 1155 intuentihus,
1501 1088 1614 1144 nullum
1633 1089 1689 1146 nisi
1707 1090 1829 1162 praecin-

1008 1182 1089 1232 ctam
1104 1177 1247 1242 castitate,
1265 1176 1425 1247 propellere
1440 1193 1526 1248 posse
1544 1179 1729 1234 incursantes
1746 1176 1831 1233 mali-

1009 1282 1083 1338 gnos
1098 1265 1230 1336 spiritus.
1246 1267 1367 1321 'lectum
1380 1267 1479 1337 itaque
1495 1268 1623 1337 undique
1637 1267 1728 1323 armis
1742 1266 1830 1338 spiri·

1009 1354 1149 1421 tualibns,
1165 1354 1270 1425 spiritu
1285 1370 1401 1426 quoque
1426 1354 1540 1410 consilii
1557 1356 1724 1425 adoptivum
1740 1371 1829 1413 sunm

1009 1444 1104 1517 gratia
1128 1450 1220 1500 rnater
1234 1445 1350 1510 imbuit,
1367 1444 1435 1516 qaia
1452 1443 1589 1516 preclara
1611 1459 1728 1515 quoque
1752 1461 1832 1501 arma

1009 1549 1085 1603 sepe
1100 1539 1279 1605 pugnantem
1300 1536 1367 1605 plns
1382 1545 1515 1600 onerant,
1531 1548 1620 1603 qnam
1644 1532 1760 1603 juvant,
1780 1533 1831 1591 uhi

128 1623 237 1681 Christi
254 1624 442 1696 perducendi,
459 1630 630 1696 potestatem
656 1628 684 1681 in
702 1627 798 1698 seipsa
815 1626 952 1699 possidet.
1010 1638 1136 1695 pugnam
1154 1621 1311 1677 consilinm
1326 1637 1384 1677 non
1399 1624 1554 1693 gubernat.
1572 1621 1696 1679 Necesse
1712 1631 1768 1691 est,
1783 1623 1832 1679 in·

128 1714 194 1786 lpse
214 1717 261 1768 est
276 1729 339 1783 quae
358 1714 387 1768 in
406 1718 487 1767 utare
517 1715 619 1769 metris
635 1713 733 1769 lutum
751 1715 953 1786 plasmationis
1010 1712 1083 1784 quit,
1098 1711 1204 1778 filimi,
1219 1715 1252 1766 ut
1267 1710 1392 1777 noveris,
1409 1726 1475 1765 cum
1492 1726 1551 1781 qno
1566 1710 1649 1766 hoste
1661 1727 1833 1783 congressu·

131 1807 237 1858 nostrie
265 1802 437 1874 compingit,
457 1802 463 1855 i
468 1819 521 1873 psa
540 1820 604 1872 quae
619 1803 736 1874 singula
759 1805 879 1859 sedibus
894 1806 956 1859 suis
1010 1820 1061 1858 rus
1072 1801 1251 1870 sis,visibilis
1265 1803 1305 1858 sit
1320 1819 1356 1857 an
1367 1801 1534 1867 invisibilis,
1546 1801 1657 1857 viribus
1673 1804 1830 1861 nitatnren

132 1892 264 1946 membra
278 1889 448 1961 distinguit,
466 1907 524 1961 que
540 1890 619 1946 fluxa
634 1892 759 1947 solidata
774 1892 914 1957 viviticat,
930 1897 958 1947 et
1011 1892 1133 1961 dolis,ut
1148 1891 1246 1962 agnita
1261 1891 1439 1962 qualitateet
1454 1896 1595 1962 pugnant
1609 1891 1832 1960 hostis,faciltns

129 1980 265 2036 clausum
282 1980 441 2035 incarcere
462 1981 571 2036 ventris
588 1982 849 2051 parvulommatre
865 1980 958 2037 otiosa
1011 1984 1047 2038 ah
1064 1987 1187 2053 utroque
1201 1997 1300 2038 carere
1311 1983 1418 2053 possis.
1435 1982 1532 2037 Hostis
1548 1986 1617 2038 tuus
1632 1986 1678 2037 est
1692 1982 1742 2039 illa
1753 1985 1831 2041 snti-

129 2076 158 2125 et
173 2071 210 2125 ad
226 2070 287 2125 haec
303 2070 487 2125 nutrimenta
503 2071 632 2126 nondum
650 2071 958 2143 idonea,spiramento
1012 2088 1100 2143 ques,
1125 2069 1174 2126 ille
1190 2069 1401 2143 nequissimus,
1412 2069 1461 2140 qui
1482 2071 1549 2125 tabe
1569 2070 1685 2127 invidiae
1697 2071 1734 2127 ah
1748 2072 1833 2131 initio

129 2167 157 2218 et
172 2160 311 2214 alimento
330 2174 390 2229 quo
406 2159 471 2230 ipsa
484 2158 561 2215 novit
578 2160 959 2233 vegetatt’roducitdeinde
1011 2161 1129 2230 lividus,
1146 2160 1315 2231 adoptionis
1330 2165 1386 2214 tue
1406 2158 1531 2232 gloriam
1547 2157 1598 2214 tihi
1626 2159 1747 2229 invidet,
1771 2179 1834 2235 qua

133 2247 286 2321 parvulum
296 2247 487 2315 homiuem‚et
496 2249 591 2303 adbuc
600 2250 769 2320 quodbomo
778 2250 960 2317 sit,nescien-
1012 2253 1156 2326 spoliante
1180 2266 1248 2307 eum
1259 2249 1398 2320 snperbia
1414 2264 1468 2304 sua
1479 2249 1518 2303 ita
1530 2248 1658 2303 nudatus
1672 2255 1726 2316 est,
1738 2256 1771 2307 ut
1780 2268 1834 2309 nec

135 2346 204 2405 triu,
222 2338 257 2392 de
272 2337 400 2392 tenebris
415 2337 526 2393 ventris
545 2338 575 2394 io
593 2338 667 2394 bano
683 2339 827 2394 visibilem
852 2338 958 2408 lacem,
1013 2343 1156 2398 nudatum
1168 2356 1199 2395 se
1209 2356 1274 2395 esse
1286 2337 1392 2394 doleat.
1409 2341 1490 2393 Hanc
1505 2344 1585 2392 tuam
1602 2343 1630 2393 et
1645 2355 1730 2395 suam
1742 2341 1765 2397 si
1777 2340 1836 2399 hn-

139 2434 171 2484 ut
182 2427 212 2482 in
223 2426 297 2482 hanc
316 2427 418 2482 vallem
444 2426 639 2498 lacrymarum
662 2429 810 2500 proiectus
824 2427 959 2484 exsilium
1014 2431 1092 2489 milis
1104 2430 1290 2503 perstitisset,
1307 2427 1430 2499 gloriam
1447 2426 1500 2482 tihi
1517 2425 1637 2494 invidet,
1653 2427 1689 2483 ad
1714 2427 1790 2487 bane
1806 2434 1836 2487 te

137 2515 335 2573 damnationis
350 2533 410 2570 sue
423 2516 542 2571 itesseat:
559 2523 588 2572 et
602 2518 705 2583 aliurn,
721 2519 757 2574 ds
776 2533 833 2590 quo
850 2516 962 2573 beatius
1014 2522 1144 2595 aspirare
1158 2520 1247 2587 dolet,
1263 2518 1463 2588 viamqnequa
1477 2532 1654 2573 ascensurus
1664 2520 1834 2589 es,obsidet,

139 2615 309 2662 renascatur
321 2606 532 2672 oternn1,tletu,
543 2608 726 2679 gemituque
737 2608 852 2663 interim
867 2612 963 2680 potest
1014 2609 1183 2667 ascendenti
1200 2612 1330 2664 armatus
1346 2605 1482 2673 occurrit,
1500 2611 1532 2660 ut
1547 2603 1584 2660 sd
1599 2609 1674 2677 quod
1699 2608 1761 2680 ipse
1777 2624 1836 2667 aen

143 2696 368 2767 supplicatione,
384 2701 504 2766 quaerat.
520 2697 658 2752 Miserata
675 2706 771 2752 antem
802 2698 849 2768 pia
872 2706 964 2753 mater
1015 2699 1144 2764 anhelat,
1158 2700 1212 2754 iter
1227 2695 1307 2768 regal
1319 2695 1372 2750 tibi
1387 2694 1635 2751 intercidentem
1650 2712 1687 2753 ne
1698 2698 1837 2755 terrearis

143 2785 247 2857 gratia,
273 2782 397 2838 flebilem
415 2784 525 2852 parvoli
543 2785 588 2840 sui
617 2786 770 2855 gemitum,
787 2792 814 2840 et
837 2785 964 2839 innoxie
1014 2789 1094 2845 iilius
1105 2791 1322 2853 armature,nec
1334 2788 1449 2839 metuas
1458 2783 1649 2856 spiculaque
1661 2786 1717 2843 fida
1728 2786 1838 2847 Christi

144 2875 236 2929 atatis
247 2871 388 2944 originale
404 2872 720 2939 delictum‚inleliciter
736 2879 884 2941 natum,ut
899 2875 965 2929 feli·
1016 2881 1057 2933 ita
1074 2881 1143 2932 eunt
1157 2877 1273 2943 obtusa,
1290 2878 1323 2928 ut
1339 2873 1453 2928 nullum
1472 2874 1536 2944 jam
1562 2876 1684 2929 nocendi
1701 2878 1836 2933 ellectum

141 2962 205 3019 cius
222 2968 406 3029 renascatur,
421 2961 548 3016 mirabili
564 2973 589 3015 ct
607 2962 746 3017 ineflabili
761 2964 869 3017 deilicae
884 2978 963 3018 cree-
1017 2968 1152 3035 babeant,
1169 2965 1194 3020 si
1210 2969 1293 3018 scuto
1309 2960 1378 3017 fidei
1393 2962 1541 3016 munitum
1559 2968 1660 3032 pectus
1676 2964 1838 3023 invenient.

139 3051 232 3107 tionis
248 3049 525 3122 potentialicolesioe
541 3054 642 3106 metris
654 3052 783 3107 refundit
794 3053 822 3107 in
834 3056 961 3120 uterum,
1017 3056 1057 3111 Nc
1069 3070 1138 3125 ergo
1152 3052 1361 3107 contremiscas
1370 3064 1474 3119 aspera
1489 3049 1660 3115 minantem,
1676 3054 1746 3122 quia
1756 3054 1840 3109 inva-
1865 3040 1878 3049 '⁵

137 3142 168 3195 in
184 3157 242 3195 uno
257 3140 418 3209 eodemque
430 3140 609 3195 mortificans
622 3140 962 3212 peccatorem,vivillcans

139 3230 334 3292 hominemne
351 3230 399 3299 qni
419 3232 504 3285 morti
522 3236 606 3284 iratus
621 3236 692 3295 crat,
705 3232 960 3295 renascaturvitre,

138 3322 187 3391 qni
206 3325 292 3373 natus
308 3318 423 3382 exsilio,
440 3326 611 3375 renascatur
622 3321 732 3391 patrie,
750 3320 800 3392 qni
817 3327 903 3375 natus
914 3336 963 3374 are·

135 3408 213 3474 culo,
231 3414 401 3462 renascatur
417 3408 531 3463 t'eticina
548 3408 616 3463 Deo.
634 3408 680 3463 Sic
692 3410 802 3464 editum
828 3413 857 3465 et
869 3412 963 3465 mutto

136 3497 249 3553 beatius
263 3512 353 3567 quam
380 3497 476 3566 prima
501 3498 651 3554 nativitate
666 3499 809 3570 genitum,
832 3500 964 3572 gratula-

139 3586 238 3642 bunda
262 3586 387 3654 genibus
401 3586 516 3655 excipit,
533 3586 629 3652 lactat,
648 3590 733 3653 loiet,
758 3588 863 3653 nutrit,
880 3591 964 3643 adnl-

137 3681 260 3745 tumque
272 3674 419 3745 magistris
434 3674 650 3743 spiritualibus,
668 3677 860 3732 imbuendum
874 3678 962 3732 disci·

141 3763 230 3835 plinis
255 3763 424 3819 caelestibus
452 3765 551 3832 tradit,
567 3781 619 3820 nec
635 3771 731 3821 lernen
757 3767 821 3837 ipsa
846 3768 964 3822 deserit.

144 3856 370 3922 lincetnamque
387 3853 545 3923 magistros
573 3854 643 3925 quid
671 3856 805 3921 doceant,
831 3860 963 3926 tyronem

142 3941 387 4011 snnm,quomodo
402 3942 654 3999 instruantmtatis
669 3944 767 4000 liorem
777 3943 882 3999 seculo
898 3943 968 3998 arri·

143 4032 257 4086 dentem
274 4031 397 4086 rationis
413 4032 484 4100 pede
496 4034 965 4102 contereremanimosjuvaniles,

142 4119 280 4183 fervidos,
297 4124 326 4173 et
340 4118 486 4188 infraenes,
503 4121 569 4175 etin
590 4121 700 4178 foveam
718 4121 839 4176 luxurie
856 4122 965 4191 impetu

146 4208 242 4264 carnis
258 4215 386 4274 ruentes,
399 4208 478 4263 freno
489 4210 604 4265 timoris
621 4210 734 4265 Doniini
747 4214 881 4265 retinere.
897 4210 967 4266 Car·

146 4314 212 4353 aem
230 4298 351 4368 proinde
368 4304 509 4368 tauquam
523 4298 696 4354 familiarem
708 4300 799 4361 vitiis.
810 4316 867 4354 tion
884 4314 968 4353 ener-

146 4389 272 4442 vandam
284 4402 348 4440 esse
366 4387 491 4453 deliciis,
508 4404 561 4443 nec
582 4389 748 4443 incendium
765 4389 968 4444 adolescentiae

1022 3146 1125 3208 lidum,
1142 3157 1193 3195 neo
1209 3141 1313 3194 audias
1339 3137 1404 3193 laeta
1420 3139 1648 3208 promittentem,
1665 3140 1731 3210 quia
1748 3141 1838 3197 falla·

1014 3250 1076 3289 cem
1089 3249 1096 3299 ;
1111 3232 1160 3287 eed
1176 3245 1256 3301 aeque
1269 3229 1364 3281 minas
1377 3227 1516 3281 inanceat
1526 3242 1616 3282 vanas
1627 3229 1839 3299 promissiones

1014 3325 1104 3380 surda
1120 3338 1190 3379 aare
1205 3326 1368 3393 praetereas.
1385 3319 1413 3373 Si
1429 3334 1498 3391 ergo
1514 3324 1613 3374 contra
1630 3316 1731 3377 faciem
1743 3323 1839 3379 inten-

1014 3412 1215 3484 deritjacula,
1240 3414 1322 3465 scuto
1344 3408 1444 3479 excipe
1473 3408 1628 3473 venientia,
1645 3413 1675 3465 et
1703 3426 1739 3468 ne
1763 3412 1838 3468 ohli-
1868 3486 1872 3496 Ι

1015 3516 1105 3573 quum
1123 3498 1228 3553 iulans
1242 3495 1367 3568 infligat,
1377 3496 1501 3550 eitducte
1518 3497 1618 3567 clypco
1633 3496 1711 3553 latus
1723 3514 1840 3571 quoqne

1017 3588 1132 3645 munire
1156 3602 1214 3642 non
1237 3584 1381 3655 negligas.
1397 3582 1494 3638 Clavis
1516 3583 1594 3638 enim
1612 3586 1708 3641 crucis
1730 3586 1840 3644 Christi

1017 3675 1185 3739 transfixus,
1201 3678 1230 3729 ct
1259 3673 1369 3727 viribus
1394 3676 1560 3737 enervatus,
1587 3674 1625 3729 ad
1645 3675 1776 3731 fraudem
1808 3692 1841 3734 ae

1018 3764 1152 3829 contulit,
1167 3768 1196 3819 et
1219 3760 1337 3832 quaudo
1356 3770 1456 3833 aperto
1476 3763 1637 3819 certamine
1653 3765 1693 3819 nil
1714 3766 1842 3836 proiicit,

1018 3856 1250 3928 transfiguratas
1265 3856 1294 3908 in
1310 3852 1446 3923 angelum
1457 3850 1542 3921 lueis,
1558 3853 1726 3910 ministrum
1739 3856 1843 3914 salutis

1019 3962 1049 4002 se
1065 3946 1222 4009 mentiens,
1238 3948 1267 3996 et
1281 3941 1417 3996 incantos
1436 3941 1533 4011 specie
1547 3941 1665 3998 virtutis
1679 3944 1840 4015 decipiens.

1019 4034 1095 4091 blille
1110 4049 1238 4103 nangae
1252 4032 1360 4086 formas
1373 4029 1493 4084 fallacie
1509 4031 1769 4097 induit,etmalitin
1779 4050 1840 4092 sue

1019 4127 1130 4194 impetu
1147 4121 1255 4176 instare
1270 4116 1353 4174 moles
1368 4118 1652 4185 circumactus,ovile
1667 4120 1774 4178 Christi
1790 4139 1842 4179 ru·

1020 4214 1103 4285 gisna
1118 4209 1264 4279 circuit,ut
1275 4221 1392 4278 quoquo
1405 4206 1567 4275 mortmaine
1578 4209 1844 4281 manifestisvitiis,

1021 4303 1080 4357 sive
1092 4297 1226 4361 occultis,
1242 4301 1273 4351 et
1287 4295 1383 4366 specis
1394 4294 1463 4352 boni
1478 4297 1562 4352 tectis
1584 4297 1620 4353 de
1635 4314 1720 4369 graue
1734 4299 1843 4357 Christi

1021 4392 1163 4447 abductos
1192 4386 1320 4442 devoret.
1339 4388 1425 4442 Omni
1439 4401 1508 4456 ergo
1526 4387 1659 4454 custodia,
1676 4388 1719 4457 fiii
1733 4392 1781 4457 mi,
1798 4406 1845 4447 cer

145 4479 216 4530 estu
235 4473 480 4530 inflammandum
511 4476 649 4531 luxuriae:
673 4478 722 4531 sed
755 4484 912 4548 utrumqne
927 4477 967 4532 ita
981 4478 1005 4542 D
1021 4490 1098 4535 tuum
1112 4491 1258 4542 aerumnae
1268 4474 1396 4531 claustra
1405 4475 1501 4531 cordis
1514 4476 1555 4530 tui
1568 4476 1845 4549 aliquandoreseres

144 4563 237 4619 medie
252 4565 486 4636 temperandum,
499 4574 527 4619 nt
549 4581 616 4621 caro
627 4566 743 4637 spiritui
764 4568 845 4623 vetat
860 4565 966 4622 ancilla

143 4654 282 4721 serviens,
300 4671 351 4709 nec
367 4657 456 4709 nimis
468 4654 586 4723 afflicta,
602 4656 658 4710 sub
673 4656 752 4712 fasce
767 4656 966 4724 rnat,neolas-

145 4743 209 4799 cive
229 4743 327 4810 nitriis,
346 4744 502 4815 imperinm
530 4746 651 4816 spiritus
666 4746 832 4801 contumaci
857 4746 966 4801 cervice

145 4832 478 4902 respuatt'raemouctet
490 4834 967 4905 neophytomsuum,summopere

147 4938 277 4978 caveres
293 4924 419 4994 pessimo
435 4940 529 4979 verme
556 4923 606 4979 illo
620 4923 772 4995 snperbia,
785 4929 814 4980 et
828 4940 864 4980 ne
879 4940 967 4995 quem

146 5028 283 5082 perversa
294 5013 376 5068 radia
391 5014 419 5068 in
437 5030 470 5070 eo
496 5013 621 5069 inveniat
638 5014 780 5081 fomitem,
796 5030 913 5085 semper
927 5030 969 5071 re·

146 5104 222 5156 colat
237 5109 342 5157 terram
356 5119 460 5158 ecesse
474 5109 502 5158 et
517 5102 655 5158 cinerem.
673 5104 768 5158 tlonet
793 5108 820 5158 et
845 5104 968 5177 diligen·

145 5192 352 5246 terohsrrvare
364 5192 578 5263 nequissimum
595 5191 804 5261 caputcoiubri
818 5192 968 5267 illins,que

147 5279 262 5335 nullum
287 5285 332 5335 est
349 5281 483 5353 aequius,
501 5287 533 5336 nt
548 5287 672 5336 contrito
699 5288 839 5336 venenato
863 5285 968 5353 capite,

149 5369 249 5425 nuilus
268 5370 397 5440 supersit
412 5377 507 5425 metus
523 5372 558 5425 de
574 5369 685 5439 reliquo
705 5386 834 5442 corpore.

181 5460 232 5516 liis
246 5466 275 5515 et
292 5460 820 5533 hujusmodidisciplinisinatruotum
833 5462 968 5531 militem,

146 5548 253 5605 Christi
267 5549 360 5622 gratia
376 5555 477 5606 nostra
500 5556 648 5607 armatura
675 5548 775 5605 induit
798 5550 969 5622 apostoliea,

1021 4564 1210 4625 callidissimo
1226 4563 1360 4619 tentatori
1378 4563 1535 4634 quianullo
1551 4572 1633 4636 paeto
1645 4567 1844 4637 potcstslgna·

1020 4657 1119 4713 culum
1136 4653 1231 4711 crucis
1245 4652 1350 4710 Christi
1363 4653 1590 4723 infringeremisi
1608 4655 1777 4728 l'orte(quod
1790 4656 1844 4712 ab·

1020 4747 1058 4804 sit
1071 4747 1092 4817 l)
1104 4743 1224 4801 fallacis
1239 4743 1303 4813 ejus
1319 4740 1471 4797 blanditiis
1487 4742 1638 4812 delinitus,
1654 4750 1758 4815 sponte
1770 4744 1843 4804 velis

1022 4839 1100 4894 iutra
1114 4834 1222 4891 maenis
1231 4841 1279 4886 tua
1289 4830 1401 4885 hostem
1414 4832 1607 4889 sevissimam
1617 4836 1844 4897 admitterem

1022 4928 1122 4996 itaque
1138 4924 1224 4978 modo
1240 4919 1387 4986 exclusus,
1404 4920 1438 4974 ad
1456 4919 1513 4976 alia
1527 4938 1559 4976 se
1572 4924 1658 4978 vertit
1674 4924 1785 4980 fraudis
1799 4942 1845 4981 an-

1023 5014 1302 5088 gumente,tantans
1316 5007 1396 5064 scala
1404 5009 1563 5080 jactantia.
1581 5028 1677 5067 arcem
1693 5014 1790 5069 cardis
1805 5013 1847 5071 tui

1023 5102 1261 5167 conscendere,te
1276 5102 1453 5164 sanctum,te
1469 5098 1527 5154 Deo
1539 5098 1678 5170 placitum
1695 5104 1847 5159 victorem·

1024 5210 1080 5267 que
1094 5192 1140 5250 sui
1157 5198 1342 5253 contestans;
1359 5202 1390 5240 ee
1411 5200 1479 5241 vero
1495 5190 1573 5243 vetut
1587 5190 1752 5263 infirmum,
1764 5192 1845 5249 velut

1023 5279 1198 5345 invalidam,
1218 5278 1247 5329 et
1263 5273 1415 5344 prudentis
1431 5278 1482 5329 tna
1497 5275 1720 5345 supplantatum
1750 5280 1846 5336 etvir·

1024 5374 1086 5426 tute
1100 5367 1247 5438 dejectum
1263 5360 1362 5418 dolose
1377 5363 1520 5419 simulans
1533 5365 1605 5419 nihil
1620 5364 1672 5421 tint
1682 5366 1718 5421 de
1733 5370 1846 5440 reliquo

1025 5456 1170 5514 mentiens
1185 5455 1263 5508 esset
1274 5452 1449 5519 timendum,
1466 5454 1516 5524 qni
1534 5452 1646 5509 bostem
1663 5463 1722 5512 tam
1733 5474 1842 5514 sevum

1025 5546 1098 5624 pede
1112 5540 1286 5603 contnveris
1302 5544 1334 5595 ut
1347 5554 1468 5598 vermen
1497 5541 1670 5601 invalidum.
1687 5545 1792 5605 Nectit
1809 5548 1846 5605 de
